3300 5196
291 311 353 397 noe

250 488 319 550 dem
355 504 499 569 umquam
531 484 593 546 iter
627 483 814 567 ingressus”.
857 483 1071 548 Accusativus
1104 484 1248 564 gerundii
1277 502 1338 546 uno
1361 482 1429 555 loco
1453 484 1501 546 Cl.

197 651 201 657 ,
251 585 291 649 26
314 587 437 668 positus
459 584 627 659 iuvenitur,
648 585 700 647 ubi
724 584 925 666 gerundivum
959 582 1503 664 exspectabatur:”adducendum
1612 582 1618 591 '

251 707 319 751 eam
343 686 492 750 uxorem'
505 678 542 769 ¹).

333 785 491 850 Ablctinue
523 786 667 866 gerundii
690 786 740 847 vel
763 785 930 868 gerundivi
952 804 1035 866 saepe
1058 784 1334 867 praepositionibus
1357 784 1395 849 de
1418 792 1450 850 et
1472 786 1504 848 iu

214 874 217 879 ⁵
250 888 375 957 additus
398 895 458 962 est,
480 885 515 950 0.
539 887 580 948 20
603 886 641 949 de
663 887 827 949 inferenda
849 905 923 948 nece
946 885 1158 961 sollicitatum,
1181 887 1222 948 A.
1246 885 1287 947 28
1309 884 1348 949 ds
1370 886 1505 949 redden·

253 988 295 1051 da
317 988 479 1071 republica
500 988 649 1068 cogitare,
672 988 710 1049 de
741 987 874 1069 negotiis
896 986 1068 1049 referendis
1091 994 1228 1049 tractnre
1249 987 1281 1049 A
1303 986 1352 1060 35,
1374 985 1443 1049 Cal.
1466 987 1508 1048 43

253 1090 291 1155 de
312 1090 487 1173 supplendo
520 1106 646 1150 numero
676 1088 863 1163 admonitus,
895 1088 935 1149 A.
959 1087 1000 1150 38
1032 1087 1064 1150 in
1093 1086 1279 1150 honoranda
1302 1086 1416 1150 bellica
1440 1087 1507 1151 vir-

251 1199 318 1254 tute
351 1209 475 1272 parcus,
506 1188 548 1251 A.
579 1188 619 1250 38
638 1188 672 1251 in
697 1189 899 1262 travehendo,
922 1187 963 1251 A.
987 1188 1028 1250 28
1050 1189 1080 1251 in
1105 1189 1269 1251 retinenda
1291 1205 1507 1269 perseverare,

253 1291 295 1357 A.
319 1291 359 1355 45
392 1289 600 1374 praesidendo,
628 1291 681 1355 ubi
703 1290 736 1352 in
759 1291 895 1364 auditur,
917 1290 953 1351 Τ.
976 1290 1017 1351 42
1039 1298 1161 1353 noctem
1186 1289 1343 1371 epulando
1368 1290 1510 1372 potando

252 1412 311 1475 que
333 1410 514 1456 consumere
527 1393 567 1475 ²).

647 1786 716 1861 ¹De
740 1810 805 1856 usu
824 1784 1108 1881 participiorum.

235 1938 254 1975 ο
283 2038 286 2043 ,
360 1977 481 2040 Contra
523 1995 639 2039 rnorem
682 1986 821 2041 veterum
837 1978 867 2062 8)
910 1979 1086 2061 participiis
1130 1978 1294 2045 verborum
1338 1977 1508 2058 '’poenitet,

258 2078 366 2163 pudet,
399 2076 513 2140 tedet’
546 2075 715 2141 Suetonius
750 2096 823 2140 usus
858 2075 960 2162 esti).
1006 2078 1041 2143 G.
1065 2073 1084 2142 ⁷
1106 2079 1195 2161 qnasi
1219 2086 1370 2161 pertonsus
1392 2078 1434 2141 Δ.
1458 2077 1509 2152 62,

253 2178 290 2242 Τ.
315 2173 371 2254 67;
395 2177 557 2259 poenitens
582 2178 656 2239 iacti
681 2179 720 2241 V.
748 2177 794 2253 lli,
817 2178 864 2241 (ll.
888 2180 928 2239 43
951 2179 1039 2262 signa
1061 2179 1256 2261 poenitentis
1268 2179 1308 2261 5),
1330 2179 1401 2241 Liv.
1426 2177 1506 2242 Ssll.

255 2279 379 2364 Justin3
402 2278 573 2360 gerundivo
587 2279 616 2359 ⁰)
639 2298 713 2341 usus
736 2287 793 2354 est,
814 2277 878 2342 Tit.
896 2280 935 2341 10
958 2298 1059 2361 neque
1072 2280 1153 2343 enim
1168 2289 1296 2347 exstare
1309 2278 1402 2342 ullum
1418 2298 1508 2342 snum

257 2380 371 2442 iactum
395 2376 627 2460 poenitendum,
648 2372 748 2462 Vesp.
776 2378 788 2441 1
814 2398 891 2460 gens
917 2416 951 2425 --
977 2380 1156 2462 reipublioae
1179 2398 1374 2463 nequequam
1399 2381 1509 2460 poeni-

255 2480 364 2554 tenda,
386 2479 547 2561 pudendus
578 2480 676 2561 Vesp.
702 2481 751 2542 16.
767 2515 805 2527 -
827 2473 976 2543 (laetanti¹
995 2481 1085 2544 Dom.
1113 2483 1160 2554 ll,
1179 2469 1241 2542 'hoc
1263 2480 1283 2542 l.
1308 2482 1436 2564 passiva
1460 2480 1509 2541 vis

256 2581 428 2667 participio
461 2598 551 2662 praes.
576 2581 718 2661 subjecte
740 2583 847 2664 est³);
869 2583 1015 2644 indicium
1039 2583 1212 2646 recusantis
1235 2580 1274 2644 Ο.
1298 2576 1328 2654 7,
1350 2582 1421 2644 vide
1445 2580 1509 2659 adj.

257 2701 313 2764 pro
337 2681 491 2767 substent.
515 2699 583 2762 pos.
1249 2682 1252 2688 “

312 2836 316 2840 .
342 2780 568 2859 Μεωοηδῦἰα
596 2790 644 2844 est
676 2783 760 2845 locus
794 2780 834 2846 G.
858 2785 878 2846 4
900 2785 1071 2847 somniavit
1095 2788 1251 2848 fortunam
1276 2783 1438 2865 dicentem,
1461 2783 1514 2844 ubi

263 2884 420 2946 somniare
453 2880 496 2946 ad
516 2874 756 2945 similitudinem
780 2886 945 2947 verborum
971 2885 1110 2959 videndi,
1133 2883 1290 2955 audiendi,
1314 2883 1447 2967 fingendi
1471 2882 1516 2942 si-

262 2983 327 3046 mil.
351 3000 417 3045 cnm
440 2982 609 3063 participio
631 2985 777 3065 praesenti
795 2985 936 3065 junctum
960 2994 1018 3048 est.

344 3082 521 3164 Participia
564 3102 631 3146 cum
664 3084 829 3167 particulis
842 3083 872 3171 Β)
906 3086 1089 3167 quibusdam
1122 3087 1338 3168 (quamquam,
1371 3083 1514 3165 quemvis

262 3183 362 3267 qnasi,
383 3191 553 3265 tamquam,
575 3184 670 3260 velut,
694 3205 756 3248 uon
780 3195 955 3268 antequam,
978 3187 1170 3268 priusquam,
1193 3184 1326 3269 quippe)
1349 3184 1515 3265 conjuncte

261 3283 443 3349 adhibuisse
477 3283 674 3364 posteriores,
705 3286 831 3350 Livium
846 3285 888 3371 ⁹).
905 3295 1039 3362 secutos,
1062 3307 1111 3350 res
1134 3296 1183 3350 est
1205 3285 1382 3350 notissima.
1425 3285 1515 3349 (iice-

264 3404 370 3449 ronem
394 3383 515 3465 quidem
537 3384 712 3462 particulas
734 3387 800 3462 ”nt,
822 3389 941 3469 quasi’,
963 3389 1116 3451 Caesnrem
1141 3388 1304 3463 ’'utensi'’,
1327 3385 1513 3449 Sallustium

262 3505 336 3549 vero
360 3484 463 3548 nullas
485 3485 659 3567 particulas
681 3487 729 3550 ita
749 3488 941 3564 adhibuisse,
960 3498 1135 3552 commouet
1155 3490 1284 3571 Draeger
1297 3483 1355 3572 ¹⁰).
1384 3485 1413 3548 11
1435 3485 1517 3550 Sue·

311 3669 338 3742 ¹)
361 3669 457 3726 Simile
479 3671 536 3727 iere
558 3672 714 3743 exemplum
736 3691 752 3730 e
774 3674 877 3732 &neca
898 3675 980 3733 effert
1002 3676 1162 3747 Rosengren
1184 3693 1203 3744 p
1234 3675 1284 3730 50.

306 3750 334 3828 ²)
356 3758 519 3815 Ucmumore
541 3759 571 3813 in
593 3776 623 3814 re
644 3760 690 3816 vel
710 3777 740 3816 re
763 3761 858 3821 Krebs.

304 3835 332 3913 ⁸)
353 3844 447 3901 Madv.
471 3844 539 3913 167-

304 3921 334 4007 ⁴)
358 3930 448 3987 Bromi
470 3930 506 3986 ad
526 3930 557 3990 Τ.
581 3932 630 3987 67.
1070 3949 1072 3952 ’

306 4018 334 4093 ⁸)
356 4016 403 4074 Cir
424 4017 478 4074 (lic.
500 4017 571 4073 Phil.
596 4018 643 4075 12.
667 4019 694 4075 2.
716 4019 838 4090 optimus
859 4023 902 4076 est
923 4022 1019 4090 portus
1039 4017 1194 4090 poenitenti
1216 4016 1336 4075 mutatio
1359 4018 1474 4090 consilii.

305 4101 333 4179 ι)
355 4104 448 4161 Msdv.
473 4104 542 4160 218.
567 4105 594 4162 3.

307 4185 333 4265 ²)
356 4191 426 4247 Vide
448 4209 537 4248 accus.
559 4195 683 4262 gernod,
707 4195 748 4250 cir
770 4196 879 4265 Krdger
902 4193 937 4247 ad
959 4192 1051 4260 Quini..
1078 4193 1124 4247 10.
1149 4193 1175 4246 3.
1202 4192 1238 4244 10
1264 4185 1397 4245 ’'ferentes
1419 4185 1503 4260 eqni”.
1599 4215 1602 4223 ¹

306 4271 333 4350 ⁸)
353 4279 447 4335 manv.
470 4279 540 4334 424.
563 4281 591 4335 4.

307 4356 336 4436 ·)
358 4364 486 4420 unusne
510 4364 582 4432 een,
606 4365 676 4420 avo.

207 4440 213 4455 ‘
296 4442 334 4519 ¹⁰)
355 4451 421 4510 ree.
441 4470 469 4523 p.
493 4452 541 4508 va.
