3300 5196
285 305 326 371 68

243 480 275 543 18
310 489 396 543 recta
429 479 568 541 oratioue
600 479 818 560 conjunctivus
851 479 1013 560 particulae
1042 497 1229 561 quamquam
1253 477 1409 557 subiectus
1435 490 1493 551 est,

243 581 324 642 ”nisi
349 581 400 642 ubi
423 580 606 660 potentialis
630 580 893 642 conditionalisvc
916 589 972 642 aut
993 580 1107 642 similis
1129 578 1338 660 significatio”
1362 581 1440 640 latet
1452 573 1489 661 ¹).

242 677 427 763 Quandoque
436 673 463 761 2)
497 700 553 761 pro
587 681 754 762 aliquando
788 683 963 762 frequenter
995 682 1190 744 Posteriores
1219 687 1418 760 usurparunt.
1463 680 1491 740 Ε

243 781 345 843 multis
369 782 450 861 apud
474 781 654 843 Suetonium
678 781 829 861 exemplis
851 781 931 843 satis
953 783 1011 843 erit
1034 783 1098 843 haec
1120 781 1287 861 protulisse
1315 781 1349 841 0.
1373 779 1413 840 35
1436 798 1489 841 ve-

242 881 320 943 ritus
353 901 391 942 ne
423 881 609 962 quaudoque
643 881 772 943 materia
805 890 898 955 esset,
921 881 968 946 01.
991 883 1010 942 3
1033 901 1125 963 quum
1148 881 1286 942 audisset
1308 880 1491 961 quandoque

242 981 474 1060 imperaturum,
505 983 541 1043 T.
575 983 626 1046 24.
670 978 870 1058 Quantumois
896 1011 928 1034 =
950 982 1042 1044 valde
1066 982 1133 1046 Cal.
1157 980 1197 1042 53
1218 981 1418 1062 quantumvis
1441 982 1490 1042 fa·
1581 1049 1586 1060 p

241 1083 357 1144 condus
390 1082 437 1145 01.
463 1082 512 1143 10.
535 1083 587 1143 21.
610 1070 723 1145 Juven.
746 1081 777 1145 8.
803 1083 850 1143 15.
894 1078 991 1159 Quasi
1012 1083 1032 1143 i.
1056 1103 1086 1144 a.
1111 1082 1234 1144 circiter
1257 1080 1390 1165 Calbss
1412 1081 1491 1142 hora

241 1181 329 1264 quasi
354 1183 496 1263 septima,
519 1182 583 1245 018.
608 1183 698 1244 Verr.
720 1182 751 1245 8.
773 1184 826 1247 22.
849 1184 923 1244 Τ88.
948 1182 1024 1245 Sall.
1069 1180 1224 1260 Quatenus
1245 1182 1265 1243 i.
1290 1201 1318 1242 a.
1344 1183 1488 1263 quoniam

239 1281 286 1346 01.
310 1282 351 1345 26
373 1292 524 1364 quatenus
546 1283 608 1344 sibi
630 1282 831 1345 matrimonia
853 1284 932 1345 male
955 1283 1109 1346 oederent.
1144 1284 1218 1344 Tac.
1235 1282 1346 1353 Quint.
1358 1281 1389 1365 3)
1405 1282 1488 1345 Plio.

242 1384 351 1447 minor.
375 1385 492 1446 Poetae.
537 1380 666 1460 Quidem
687 1419 724 1429 -
749 1392 883 1446 ceterum
898 1382 929 1466 ⁴)
955 1403 1012 1464 pro
1036 1384 1163 1465 quidem
1187 1420 1225 1429 -
1248 1384 1302 1444 sod
1326 1383 1408 1464 apud
1433 1402 1491 1463 op-

239 1484 331 1571 timos
365 1483 399 1545 0.
433 1484 463 1544 3.
508 1483 620 1563 Lepidi
655 1483 789 1565 qnidam,
822 1491 957 1545 cetarum
994 1484 1029 1546 0.
1063 1484 1111 1545 15.
1156 1481 1277 1567 Quippe
1309 1483 1490 1564 participiis

240 1584 368 1645 additur
399 1584 436 1645 Τ.
460 1583 499 1646 69
534 1584 647 1665 quippe
670 1584 814 1646 addictus
837 1583 1080 1647 arathematicae.
1124 1584 1244 1646 Livius.
1267 1583 1350 1648 Pliu.
1375 1584 1488 1646 minor.

241 1680 442 1767 Quoadusque
477 1702 533 1764 pro
556 1685 658 1764 quoad
680 1704 732 1765 ap.
756 1684 1000 1749 Suetonium'C.
1028 1685 1119 1767 14⁵).
1163 1681 1286 1761 Quoties
1307 1695 1338 1745 ct
1360 1683 1497 1767 quoties-·

238 1805 362 1867 cunque.
408 1783 465 1845 His
500 1785 663 1864 particulis
691 1805 772 1866 saepe
805 1786 1017 1864 imperfectum
1049 1784 1241 1865 conjunctivi
1264 1784 1348 1865 apud
1370 1784 1490 1847 Sueto-

240 1885 324 1947 nium
359 1884 530 1964 subjoctum
559 1894 607 1948 ost
630 1885 716 1948 velut
736 1887 772 1950 0.
795 1884 836 1948 28
856 1887 982 1966 quoties
1005 1886 1132 1960 vellent,
1155 1885 1222 1949 081.
1245 1883 1264 1947 7
1287 1885 1489 1966 quotiescun-

144 1994 147 2001 '
238 2004 296 2069 que
318 1985 476 2048 introiret.

320 2084 436 2150 Recens
447 2078 474 2169 6)
495 2082 602 2170 (adv.)
624 2085 666 2148 A.
689 2083 708 2151 7
732 2105 839 2149 recens
872 2106 909 2149 eo
932 2078 1017 2158 nato,
1038 2088 1076 2150 Τ.
1101 2088 1265 2150 lRomam
1286 2105 1394 2148 recens
1413 2105 1489 2149 con-

238 2187 349 2263 ditam,
371 2187 433 2250 Rh.
460 2187 486 2248 l.
511 2188 585 2250 Tac.
610 2188 686 2250 Sall.

329 2285 446 2351 Scilicet
478 2289 576 2367 Vesp.
610 2283 629 2351 7
664 2290 811 2369 majestas
844 2298 878 2352 ut
908 2286 1029 2352 scilicet
1060 2307 1141 2350 novo
1175 2287 1321 2368 principi,
1353 2287 1400 2350 01.
1435 2289 1487 2347 21.

236 2387 273 2451 Si
304 2409 370 2452 cum
407 2388 603 2467 conjunctivo
636 2391 832 2470 conjunctum
868 2389 920 2452 ubi
955 2397 1170 2469 exspectamus
1204 2387 1407 2451 indicativum
1444 2388 1485 2450 A.

236 2490 276 2552 82
309 2511 345 2552 ac
377 2489 404 2550 si
427 2488 476 2575 (=
499 2485 636 2572 quoties)
665 2510 726 2572 quo
749 2491 912 2572 pervenire
935 2490 1013 2551 mari
1035 2497 1153 2571 posset,
1174 2490 1280 2570 potius
1304 2489 1485 2567 navigabat.

237 2592 271 2655 Si
295 2602 400 2655 tamen
414 2582 441 2676 7)
464 2589 499 2651 0.
524 2584 564 2651 78
587 2591 644 2653 nisi
666 2593 723 2655 snb
746 2593 926 2671 exceptione
947 2591 974 2651 si
997 2599 1102 2652 tamen
1127 2590 1260 2653 licuerit.
1285 2589 1350 2653 Sub
1376 2589 1487 2650 condi-

235 2694 320 2756 tione
342 2683 408 2775 818)
431 2710 484 2770 pro
508 2710 546 2752 ea
568 2691 748 2754 conditione
769 2703 814 2768 ut,
836 2695 1014 2774 frequenter
1036 2699 1220 2772 usurpatum
1242 2700 1292 2752 est
1314 2690 1350 2753 0.
1363 2688 1413 2751 68.
1438 2688 1485 2752 01.

236 2795 286 2855 24.
312 2793 379 2856 Vit.
403 2790 440 2866 63
462 2792 487 2851 si
511 2791 601 2852 modo
624 2793 669 2854 uti
693 2793 817 2855 licuerit
838 2795 930 2856 Dom.
960 2793 995 2854 16
1019 2811 1073 2872 pro
1090 2792 1191 2864 modo,
1207 2792 1384 2863 dummodo,
1399 2791 1485 2851 dum.

236 2891 319 2955 Sicut
353 2911 435 2955 eram
471 2885 530 2972 (ὥς
560 2891 662 2976 εἰχον)
695 2894 777 2975 apud
812 2903 922 2974 poetas
955 2903 987 2955 et
1007 2888 1201 2976 posteriores
1223 2911 1281 2972 pro
1303 2900 1338 2955 ut
1359 2888 1487 2955 Othoss

236 2994 319 3056 sicut
341 3000 433 3054 crant
453 2992 585 3066 cruenti,
608 2993 676 3055 Gal.
699 2996 749 3056 45.
774 2993 821 3056 01.
851 2992 951 3067 319.
994 2991 1064 3056 Siue
1086 3027 1125 3039 -
1148 2993 1225 3068 sive,
1248 2993 1364 3055 omissa
1385 2988 1486 3070 priora

114 3118 116 3123 ·
235 3114 312 3156 voce
334 3095 432 3172 Vesp.
456 3090 476 3153 6
498 3094 657 3174 excroplar
680 3095 819 3176 epistolae
840 3093 1383 3168 88888188181888,888888.188118.
1407 3089 1486 3153 Sud-

124 3219 128 3226 ·
235 3195 313 3270 iude,
336 3194 422 3273 cujus
445 3193 604 3273 particulae
627 3215 700 3257 usus
723 3194 806 3276 apud
829 3215 894 3276 arg.
920 3203 970 3256 aet.
993 3194 1160 3274 scriptores
1182 3196 1326 3275 frequens
1351 3201 1409 3266 est,
1432 3211 1486 3254 ne·

235 3315 283 3357 mo
317 3295 373 3357 sol.
410 3312 454 3355 or.
489 3293 676 3375 scriptorum
711 3306 784 3358 anta
816 3296 940 3358 Livium
963 3294 1139 3374 usurpavit.
1185 3295 1279 3376 Apud
1300 3293 1484 3356 Suetonium

234 3396 403 3476 saepissime
425 3393 585 3456 invenitur
612 3405 644 3457 et
665 3417 718 3476 pro
742 3397 871 3458 vocibus
894 3396 997 3469 ”moun
1019 3395 1147 3456 statim'’
1161 3396 1311 3457 etcadem
1326 3394 1505 3473 siguifica-¹

233 3496 319 3559 tione
351 3516 413 3577 qna
434 3494 575 3576 '’saepius‚
599 3488 818 3582 identidam”⁹)
845 3496 938 3559 simil.
963 3497 998 3560 0.
1022 3495 1071 3557 65.
1096 3496 1133 3558 ’1.
1156 3495 1207 3571 28,
1229 3492 1269 3558 57
1290 3495 1370 3557 88118
1392 3513 1484 3574 saepe.

234 3658 430 3669 -——--

280 3741 308 3822 ¹)
331 3748 423 3804 Madv.
447 3750 481 3804 de
502 3749 561 3804 Fin.
587 3750 613 3804 3.
638 3751 685 3806 21.
710 3753 760 3816 70,
784 3752 825 3807 cfr
846 3750 902 3806 018.
926 3751 979 3806 Off.
1006 3751 1033 3804 1.
1058 3750 1086 3804 2.
1112 3750 1138 3804 6.
1161 3767 1222 3817 quae
1244 3763 1415 3818 quamquam
1430 3746 1486 3800 sint

233 3836 317 3913 (conj.
341 3830 519 3907 potentialis)
540 3835 570 3889 in
592 3840 733 3906 promptu.
982 3862 985 3869 ·

276 3914 304 3993 ²)
328 3921 374 3978 cfr
397 3922 488 3977 Madv.
511 3921 622 3976 Excute.
646 3923 686 3979 Vl
708 3942 737 3994 p.
762 3923 822 3978 888
847 3918 935 3995 (lim).

276 3999 288 4034 ³
326 4008 503 4064 Tdrnebladh
546 4009 580 4062 de
602 4027 651 4064 usu
673 4010 878 4066 Particulonem
900 4026 929 4078 p.
954 4009 1002 4064 81.

275 4087 286 4121 ⁴
325 4096 414 4151 Bremi
437 4095 528 4149 adA.
553 4095 582 4149 8.
701 4165 703 4169 ¹

265 4178 285 4211 '⁵
324 4183 468 4251 Scriptura
489 4184 584 4236 tamon
606 4181 692 4236 varia.

274 4263 286 4297 ⁸
325 4270 416 4325 Madv.
444 4269 513 4323 198:
538 4286 559 4323 o.

276 4347 286 4382 ἵ
326 4356 372 4412 Otr
394 4356 449 4411 Cic.
472 4355 539 4410 Sest.
566 4351 603 4405 18
628 4365 724 4404 verum
746 4348 805 4403 haeo
827 4348 869 4403 ita
890 4348 1095 4417 praetereamus,
1118 4347 1151 4399 at
1172 4345 1278 4406 tamem
1301 4338 1351 4395 ubi
1373 4354 1426 4394 vox
1441 4309 1485 4392 to.-

229 4459 292 4498 man
313 4443 481 4498 secundaria
504 4437 691 4496 enuntiationi
712 4434 817 4490 inserta
838 4437 890 4500 881;
913 4433 976 4488 vido
998 4449 1082 4502 supra
1102 4432 1145 4486 its.
1170 4458 1204 4468 -
1229 4427 1386 4483 attamen.

277 4521 289 4555 ⁸
328 4529 384 4585 Sub
407 4529 565 4585 conditione
587 4541 621 4579 na
642 4522 674 4578 T.
701 4524 749 4578 tt.

273 4610 285 4645 ⁹
324 4615 371 4674 Cir
393 4615 571 4672 Tbrnebladh
593 4628 620 4682 1).
644 4613 693 4669 54.
