3592 5400
1393 405 1435 498 95

223 591 371 673 frequens
393 598 453 664 est,
469 587 563 651 velut
579 587 652 652 Gal.
676 589 717 651 26
739 588 807 650 leve
828 587 870 650 sit
891 585 941 648 his
962 585 1091 659 addere,
1112 586 1154 651 A
1167 581 1209 650 'id
1231 587 1480 670 quorumpiam

220 694 279 776 qu'e
301 691 356 754 vix
374 691 507 774 privata
529 691 691 770 elegantias
713 690 785 752 siut.

300 793 372 856 Jarn
396 808 471 854 reno
493 790 525 853 in
549 791 781 854 consecutione
794 797 967 870 temporem
991 788 1118 852 licentio
1140 789 1281 870 quaedanu
1302 741 1478 870 deprehen

118 905 123 914 '
218 894 323 968 ditnr3
350 893 437 955 velut
464 911 601 973 presens
625 891 818 974 conjunctivi
844 890 994 970 positum
991 896 1062 964 est,
1087 889 1140 952 ubi
1163 890 1395 986 exspectaveris
1418 889 1477 952 im-

223 997 405 1076 pauentum:
427 992 469 1055 A.
483 991 523 1054 ou
547 993 671 1056 censuit
691 992 772 1054 ἄρ’·
752 1011 791 1054 ns
813 991 867 1072 qui
891 991 996 1063 edant,
1020 989 1088 1054 Oai.
1110 990 1153 1051 34
1169 977 1309 1077 Jactavit
1330 1009 1364 1052 so
1387 990 1479 1052 effec-

215 1103 322 1162 turum
340 1105 403 1157 ua·
426 1094 559 1175 possint,
593 1097 634 1158 A.
667 1094 709 1156 49
742 1093 949 1156 commodius·
971 1090 1003 1152 id
1034 1092 1136 1154 risum
1159 1099 1218 1164 est,
1240 1100 1274 1152 ut
1296 1090 1387 1172 qui-e
1410 1089 1478 1154 ioco

216 1197 380 1277 portorum
396 1195 521 1270 ditores,
545 1195 732 1276 interrogari
756 1213 887 1276 quoque,
909 1193 937 1256 si
960 1192 1033 1273 qaid
1046 1211 1096 1255 ros
1109 1187 1276 1277 exigant1)
1290 1190 1472 1274 porsinae.

222 1299 274 1360 22.
299 1295 423 1358 Gaiiias
447 1294 542 1376 etegit
563 1296 653 1376 cujus
675 1295 882 1359 emolumento
905 1293 1021 1356 idonea
1042 1286 1281 1376 sit²)'n1ateria
1303 1293 1478 1374 triumpho-

179 1385 184 1395 ’
221 1413 303 1472 rum,
336 1397 372 1460 C.
404 1396 445 1458 52
467 1396 580 1460 librum
610 1396 713 1460 edidit·
742 1415 805 1458 uon
827 1413 901 1457 esse
919 1393 1054 1458 Caesaris
1076 1395 1173 1457 filium
1198 1413 1286 1476 quem
1308 1394 1480 1475 Cleopatra

220 1497 316 1570 dicat,
348 1497 385 1560 Τ.
408 1495 450 1560 69
479 1498 616 1576 gestavit
648 1497 892 1578 quadregetur,
914 1493 1015 1558 ursa
1038 1495 1192 1575 relegavit
1217 1493 1399 1559 existimans
1417 1513 1476 1557 ex-

219 1598 411 1679 probratum
434 1599 517 1678 quod
545 1597 722 1678 loquantur,
745 1596 813 1660 Gal.
837 1597 873 1659 a}
900 1596 1023 1659 dicente
1044 1597 1179 1676 quodam
1204 1614 1266 1658 non
1290 1591 1476 1660 mediocrem

115 1682 117 1690 ¹
220 1683 504 1762 mestoma'tionsm
539 1699 605 1761 foro
636 1699 764 1760 sicunde
798 1705 951 1779 appareat
987 1695 1090 1759 hostie
1111 1731 1150 1742 —
1175 1731 1211 1744 ·-
1235 1695 1418 1758 conscendit
1440 1715 1477 1760 ao

198 1798 391 1871 ,armemus
410 1805 486 1872 est,
500 1798 548 1861 01.
571 1801 591 1860 3
613 1817 673 1880 qno
695 1799 809 1864 certius
832 1795 1198 1881 cognosceturposuii),
1221 1795 1477 1861 Glrwnihiiha-

202 1890 292 1962 'bore
324 1919 359 1964 se
387 1900 576 1964 vociferatus
597 1909 653 1962 ost·
668 1918 763 1982 quara
785 1916 839 1961 eos
862 1899 1070 1972 demereatur,
1096 1899 1137 1960 N.
1160 1898 1199 1960 41
1223 1897 1419 1979 prolaturum
1442 1919 1477 1960 se

216 2000 391 2064 atdrrnarit
411 2001 437 2062 si
460 1999 564 2074 liceat,
587 2001 635 2062 Ν
649 1999 691 2063 49
717 1999 867 2081 tegitque
875 1997 972 2083 (peri.
976 1995 991 2083 )
1014 1999 1109 2081 quari
1132 2009 1167 2062 ut
1187 1999 1347 2080 punietur.
1370 1998 1476 2062 Maxi

220 2121 272 2164 me
292 2118 368 2163 raro
387 2101 530 2194 perfectu
553 2101 741 2181 conjunctivi
764 2101 891 2174 utendo,
914 2100 965 2162 ubi
987 2100 1204 2184 imperfectum
1227 2099 1477 2180 rntpinsquarn-

216 2203 390 2284 perfectum
424 2202 666 2283 exspectaveris,
697 2210 879 2264 arctemur
903 2217 988 2262 ruore
1011 2201 1142 2264 recessit
1163 2201 1343 2264 Suetonius.
1388 2201 1477 2264 Pra-

214 2303 388 2366 stsutiorea
419 2303 519 2364 euim
536 2303 644 2384 script.
680 2321 772 2384 quum
799 2312 953 2382 tempora
976 2301 1128 2363 orationis
1148 2302 1281 2383 obliquae
1304 2302 1475 2382 subjunge-

216 2413 297 2477 ront,
329 2403 520 2464 secundarie
551 2404 777 2466 enuntiationis
803 2402 1006 2484 predicatum
1035 2402 1311 2483 verboprimariae
1333 2401 1476 2482 subjece-

218 2512 347 2567 runt'et
367 2503 492 2585 quidam
515 2503 572 2578 its,
596 2507 629 2567 iat
651 2505 677 2565 si
701 2503 899 2585 praedicatum
922 2501 1013 2583 prin».
1046 2503 1210 2564 sententie
1231 2512 1374 2583 tempore
1397 2522 1477 2582 prse-

219 2605 323 2678 terito,
338 2604 440 2666 'velut
454 2606 610 2683 perfecto,
633 2621 817 2686 expressum
831 2613 925 2677 osset,
937 2604 1151 2684 imperfectum
1168 2613 1224 2666 aut
1237 2604 1475 2684 plusquamper—

218 2707 331 2768 netum
369 2706 414 2766 in¹
434 2705 621 2767 maundaria
654 2705 812 2768 sententia
834 2717 1031 2786 sequeretur:
1055 2713 1167 2767 contra
1189 2704 1268 2784 apud
1292 2703 1475 2767 Suetonium

216 2805 391 2887 sepissime
418 2805 593 2885 perfectum
625 2805 656 2866 in
689 2805 908 2868 enuntiatione
943 2804 1129 2867 secundaria
1162 2808 1348 2886 usurpatum
1372 2812 1422 2866 est
1433 2806 1475 2886 ⁴),

218 2905 372 2969 retesti.
407 2904 427 2966 9
459 2915 603 2969 auctores
635 2913 774 2968 sunt—
800 2905 998 2985 conspirasse
1019 2923 1088 2966 oum
1112 2904 1410 2980 Praenominum
1432 2907 1474 2967 sit

215 3007 397 3090 (aaron),
430 3007 470 3068 A.
503 3006 544 3069 94
577 3007 753 3069 et'tirmavit
783 3006 884 3087 ipsum
907 3025 987 3082 esse,
1009 3007 1094 3085 cujus
1116 3006 1217 3088 imago
1240 3007 1411 3072 obversata
1433 3007 1474 3070 sit

215 3107 263 3190 (a
286 3107 398 3190 esset),
416 3105 460 3170 A.
483 3105 520 3168 tii
540 3123 597 3170 neo
619 3107 706 3188 prius
723 3109 902 3173 surrexisse
925 3125 1015 3188 quem
1039 3110 1153 3189 togata
1175 3107 1238 3170 sint
1253 3106 1410 3192 (essent),
1431 3109 1469 3170 Τ.

217 3207 246 3270 5.
268 3207 528 3271 existimaverunt
557 3217 668 3271 uatum
698 3211 780 3290 quod
804 3210 893 3272 tuerit
915 3217 947 3270 et
970 3209 1052 3290 quod
1075 3209 1265 3290 publicatum
1289 3210 1332 3271 sit
1353 3209 1400 3291 (ιτ
1419 3227 1474 3272 es-

215 3308 292 3394 set),
322 3309 360 3372 Τ.
385 3309 432 3370 12
451 3309 787 3374 existimant-cessisse
809 3310 951 3394 exemplo
971 3309 1127 3390 Agrippa
1149 3309 1200 3390 qui
1224 3310 1348 3386 abierit,
1370 3311 1407 3374 Τ.
1426 3306 1473 3373 ’id

218 3409 440 3492 experiebatur
471 3430 538 3491 quae
572 3410 695 3485 inisset,
727 3411 798 3492 quid
833 3410 935 3473 solitae
969 3411 1044 3483 sint,
1067 3411 1104 3472 T.
1128 3412 1168 3472 23
1191 3411 1323 3474 ascitum
1348 3412 1493 3493 quando·

216 3529 281 3574 nou
316 3510 525 3584 abstinuerit,
550 3511 619 3578 Gai,
652 3511 870 3601 impressam
894 3531 959 3593 quse
981 3529 1055 3572 mox
1077 3511 1224 3592 eruperit,
1246 3512 1314 3574 Oai.
1329 3510 1358 3573 ,g
1376 3524 1474 3594 potu·

220 3613 282 3674 isse
310 3629 370 3692 quo
401 3611 570 3692 perductus
598 3611 652 3686 sit,
675 3610 743 3674 cal.
775 3610 811 3673 19
834 3612 887 3692 qui
917 3611 1140 3686 contabularit,
1163 3612 1231 3675 Oai.
1256 3613 1296 3674 24
1316 3633 1374 3675 nec
1396 3613 1474 3675 dile-

215 3712 266 3774 xit
287 3721 322 3774 ut
343 3729 421 3793 quos
444 3713 653 3791 prostraverit
674 3709 931 3797 (prosterneret),
952 3712 1020 3775 (iel.
1044 3713 1084 3774 32
1106 3712 1163 3794 qui,
1181 3712 1317 3792 ejecerit,
1341 3713 1407 3776 Oet.
1432 3712 1472 3774 59

216 3812 248 3876 in
271 3832 338 3894 qua¹
354 3813 544 3886 occubuerit,
568 3814 667 3875 donoc
689 3822 874 3894 consumpta
899 3813 943 3876 sit
964 3810 1239 3898 (consumeretur),
1262 3813 1310 3876 Ol.
1333 3814 1374 3875 38
1397 3814 1472 3896 quia

265 4027 284 4102 ¹)
304 4031 350 4086 Sic
371 4029 490 4086 Rothius
511 4032 540 4084 et
561 4027 622 4094 Bu,
646 4027 789 4100 exigerent
810 4029 909 4086 Bromi.

260 4112 287 4188 ²)
318 4116 530 4189 Elegantissime
564 4115 723 4186 Madvigrus
753 4115 846 4170 locum
877 4116 920 4172 ita
948 4116 1122 4174 emendavit:
1152 4116 1251 4172 ouievie
1273 4117 1471 4188 emolumento,

214 4205 268 4259 sibi
289 4205 417 4268 materia,
441 4203 567 4258 cfradv.
591 4202 652 4258 cn'i.
675 4221 701 4272 p.
724 4203 794 4258 572.

263 4283 289 4358 ⁸)
311 4290 357 4346 cn
379 4290 454 4360 apud
476 4288 542 4358 cia,
565 4306 625 4358 quar
647 4291 683 4344 sit
705 4305 797 4344 rerum
820 4287 945 4344 inventio
967 4302 1001 4342 ac
1022 4289 1108 4354 ratio,
1127 4285 1318 4348 tractavimus.

262 4369 287 4444 ⁴)
310 4377 408 4446 Neque
429 4375 591 4446 negaverim
612 4379 720 4432 veteres
741 4393 851 4446 quoque
872 4376 915 4432 ita
936 4376 1042 4430 locutos
1064 4392 1129 4441 cese,
1148 4374 1226 4432 reiut
1240 4381 1303 4446 poet
1318 4377 1470 4447 perfectum

216 4461 357 4528 infinitivi,
392 4479 476 4532 quum
509 4463 690 4533 predicatum
723 4462 834 4518 secund.
868 4465 963 4518 enuut.
986 4481 1047 4518 cum
1071 4464 1155 4519 verbo
1176 4463 1257 4532 prim.
1280 4465 1371 4520 minus
1393 4470 1471 4524 arare

216 4547 349 4615 achatem
372 4549 450 4620 oirjns
472 4548 579 4620 generis
600 4549 729 4619 exempla
751 4549 865 4620 collegit
886 4548 1002 4604 Kumliu
1023 4547 1049 4620 p.
1074 4549 1124 4615 27,
1148 4549 1190 4606 cfr
1204 4554 1339 4619 praeterea
1352 4551 1469 4614 Bottia.-

215 4634 318 4690 Mdller
342 4635 410 4690 120.
436 4636 460 4690 1.
483 4635 555 4705 (nn.)
577 4636 713 4691 Kiihuast.
738 4637 810 4700 222,
833 4635 925 4693 Madv.
949 4635 1018 4692 382.
1045 4637 1072 4691 3.
