3300 5196
244 309 285 374 ’18

284 482 513 548 Dsaocusativo
527 480 625 542 verbis
637 481 808 552 abhorrere,
823 449 1033 558 expavescere,
1055 479 1184 558 gravari,
1205 479 1349 560 coemsse,
1368 475 1458 537 inva-

204 584 271 644 ders
283 583 386 644 addito
399 581 466 644 vids
478 602 576 662 supra.
589 581 735 645 Similiter
747 580 836 642 verbo
848 579 957 642 mederi
966 581 1092 642 Sueten.
1101 580 1304 642 accusativum
1318 578 1459 661 apposuit

171 758 174 764 ¹
203 702 262 746 nuo
285 680 349 745 loeo
370 682 432 746 Tit.
451 681 475 743 ,8
497 682 653 745 medendae
673 681 849 742 valetudini.
882 680 950 744 Ter.
973 681 1093 742 Vitrnv.
1116 679 1183 745 loir.
1206 680 1286 743 Vell.
1319 679 1459 779 Access-¹

167 804 170 811 ·
201 784 297 870 tivum
320 782 486 863 participiis
510 782 668 854 nonnullis,
695 782 725 843 iu
752 816 787 826 -
805 782 922 843 buudus
937 781 1126 854 exeuntibus,
1148 782 1231 842 velut
1252 781 1288 843 '1⁸.
1312 779 1352 843 65
1373 780 1472 860 signs

205 882 457 965 speculabundus,
479 883 651 965 adjunxisse
673 881 860 955 Suetonium,
883 900 974 962 supra
993 882 1055 962 jam
1077 881 1317 943 commemoravi.
1354 879 1457 942 Accu·

203 985 320 1048 satiens
340 984 393 1047 ille
414 983 643 1046 exclamationis
666 982 710 1043 vel
734 973 942 1044 admirationis
951 983 992 1064 ¹),
1013 991 1048 1044 nt
1069 979 1267 1044 Grammatioi
1289 983 1459 1062 loquuntur,

204 1083 468 1148 adolescunt
492 1085 573 1166 apud
596 1083 771 1148 Suetonium
794 1082 958 1146 invenitur:
980 1077 1125 1146 ”ordinem
1149 1076 1336 1145 aestivomm'’
1349 1081 1390 1165 ²).
1418 1080 1459 1142 ‘In

202 1187 256 1249 toli
292 1186 467 1249 accusativo
496 1186 587 1249 verba
610 1184 762 1257 laudandi,
788 1182 970 1259 admirandi,
1001 1184 1185 1265 praedicandi
1207 1182 1319 1246 similia
1339 1201 1460 1264 semper

201 1287 372 1351 ordiuntur.
461 1314 466 1325 ·

285 1404 442 1484 Postremo
465 1441 521 1482 non
545 1419 618 1482 illud
639 1417 759 1483 silentio
781 1420 1018 1504 praetereundum
1041 1431 1099 1494 est,
1131 1420 1318 1508 Suetonium,
1347 1406 1458 1484 Ovidio

204 1530 355 1605 preeunte
368 1518 399 1605 8)
421 1541 480 1584 nno
503 1521 567 1583 loco
584 1520 813 1594 nominativum,
836 1520 885 1583 ubi
910 1523 1114 1584 accusativum
1137 1520 1458 1609 exspectes‚posuisse

206 1623 251 1685 ol.
274 1609 500 1705 adcognomen
523 1621 673 1685 (lhancios
695 1640 854 1703 usurpasse
868 1620 907 1704 ί).

688 1918 744 1991 lle
768 1924 833 1991 usu
858 1917 975 2015 dolien

290 2088 432 2156 Datlvum
460 2090 544 2153 illurn
558 2121 560 2127 ·
572 2091 741 2154 absolutum
757 2089 789 2179 ὅ)
812 2079 901 2175 quem
921 2103 1030 2155 vocant
1047 2113 1071 2154 a
1092 2062 1246 2154 Ciceronis
1266 2103 1297 2156 et
1318 2093 1458 2156 Sallustii

138 2203 143 2214 '
206 2195 428 2256 eonaunoome
453 2193 602 2264 alienam·
626 2191 813 2277 Caesarem‘)
846 2195 971 2274 primurn
1005 2194 1034 2254 ln
1068 2194 1196 2254 solutam
1220 2194 1385 2256 orationem
1409 2195 1457 2256 in·

120 2290 123 2297 ’
203 2295 345 2366 duxisse·
363 2285 520 2375 Dr‘aeperl)
547 2293 713 2356 contendit.
768 2292 925 2364 Quatenus
958 2314 1030 2356 usus
1063 2293 1150 2375 hujus
1173 2293 1274 2356 'dativi
1298 2296 1378 2376 apud
1401 2294 1458 2356 Li-

209 2395 289 2456 vinm
313 2395 454 2475 patuerit,
474 2393 620 2456 Kllhnast
631 2396 662 2474 ⁸)
684 2395 879 2458 satisdocet.
916 2396 1006 2476 Apud
1026 2394 1200 2458 Suetonium
1217 2395 1360 2458 nonnulla
1375 2397 1458 2475 ejus-

206 2496 283 2557 modi
305 2496 399 2557 dativi
423 2495 560 2574 exempla
582 2505 729 2567 exstant.
743 2497 834 2565 velut,
846 2494 948 2558 Galba
965 2495 986 2557 4
1006 2496 1196 2557 sinistrorsus
1208 2496 1331 2558 Fundos
1349 2508 1458 2578 peten-

205 2596 297 2669 tibus,
319 2595 412 2675 Vesp.
439 2597 464 2657 l.
500 2596 600 2657 Locus
621 2596 660 2657 ad
682 2605 800 2658 sextum
824 2597 992 2658 milliarium
1017 2616 1034 2658 a
1057 2596 1170 2658 Nursia
1193 2597 1358 2677 Spoletium
1382 2607 1456 2658 aun-

206 2698 298 2758 tibns.
341 2696 422 2758 Usus
445 2696 533 2774 liujus
555 2696 650 2756 dativi
672 2697 751 2776 apud
776 2697 954 2777 posteriores
977 2697 1135 2776 scriptores
1159 2716 1215 2757 non
1240 2697 1299 2758 late
1321 2708 1414 2778 patet.

289 2830 519 2893 l’raestantiores
552 2829 759 2914 script-ores’)
788 2831 936 2894 interdum
960 2832 1092 2909 dativum
1118 2849 1170 2911 pro
1191 2831 1324 2910 genitivo
1346 2851 1459 2916 posue-

207 2932 285 3002 runt,
307 2931 332 2990 si
356 2931 476 2992 dativus
500 2950 557 2994 non
580 2942 643 2992 tam
666 2950 703 2991 ex
724 2932 847 3011 singulis
870 2931 970 2994 verbis
991 2952 1079 3013 quam
1096 2950 1133 2992 ex
1151 2933 1291 2995 universa
1304 2933 1457 2997 sententia

206 3031 328 3112 pendet.
372 3030 432 3093 Hic
454 3032 533 3104 usus.
566 3033 614 3111 qui
644 3031 724 3112 apud
745 3032 976 3094 Praestantiores
997 3032 1158 3114 scriptores
1180 3016 1275 3095 rarior
1294 3043 1350 3108 est,
1378 3036 1457 3114 apud

206 3131 393 3192 Posteriores
418 3132 603 3213 nraximeque
626 3132 704 3211 apud
727 3132 864 3195 Tacitum
880 3134 925 3213 ¹⁰)
950 3133 1009 3194 late
1031 3142 1123 3212 petet.
1168 3131 1267 3202 olam
1290 3135 1331 3196 sit
1352 3136 1457 3197 creber

206 3231 293 3311 hujus
315 3231 411 3293 dativi
433 3251 503 3294 usus
530 3231 609 3314 apud
631 3231 761 3302 Livium.
783 3233 916 3295 ostendit
937 3231 1144 3316 Kalamon).
1178 3234 1323 3316 Exemplo
1336 3235 1458 3316 hujusce

254 3484 279 3553 Ι)
302 3482 395 3538 naor.
419 3481 489 3536 aas.

250 3564 274 3640 2)
297 3568 344 3625 ota
365 3569 426 3623 Ter.
447 3564 534 3623 Andr.
560 3569 587 3624 5.
611 3569 637 3626 2.
662 3571 711 3626 28.
735 3569 874 3626 Pietatem
896 3571 985 3645 gnati.

250 3649 276 3726 ³)
298 3656 409 3728 Draeger
430 3672 460 3725 p.
484 3653 555 3709 401.

252 3737 278 3814 ⁸)
300 3742 353 3799 Bc.
376 3741 410 3797 de
431 3739 576 3796 latinitate
597 3741 680 3813 hujus
701 3739 830 3798 dictionis
851 3743 991 3809 dubitans,
1014 3743 1164 3799 Ohsucium
1189 3743 1233 3798 vel
1255 3742 1369 3807 Chaucii
1391 3742 1456 3796 scri·

206 3832 327 3888 eandm
357 3845 413 3884 esse
445 3829 547 3882 censet.
591 3828 638 3884 Otr
662 3832 758 3885 tamon
785 3830 865 3901 Prop.
892 3832 917 3885 1.
943 3831 991 3886 18.
1018 3832 1054 3885 31
1081 3826 1222 3885 ”resonent
1244 3829 1312 3884 mihi
1334 3827 1458 3899 Cynthio.

148 3936 151 3940 ’
205 3915 305 3995 silvae.”
348 3917 490 3971 Resonant
510 3915 585 3970 enom
606 3916 682 3972 silvae
704 3917 835 3987 cynthia,
858 3936 914 3974 non
934 3919 1092 3990 Cynthium.

250 3992 275 4075 ⁸)
297 3997 391 4058 Madv.
417 4002 474 4067 141
500 4017 573 4058 unm.
596 4004 624 4059 6.

249 4089 276 4161 ⁸)
297 4090 325 4145 b.
348 4109 377 4162 g.
402 4091 430 4144 3.
455 4086 505 4143 80.

251 4173 276 4247 Ί)
297 4176 363 4231 Tac.
386 4175 450 4232 Stil.
474 4173 490 4242 θ
514 4176 563 4229 50.

250 4257 276 4332 ⁸)
297 4281 325 4334 p.
351 4255 409 4317 123
434 4257 524 4334 (fine).

215 4400 230 4425 4
249 4342 276 4420 ⁹)
299 4349 392 4405 Madv.
416 4348 488 4403 241.
514 4349 547 4413 3;
569 4345 645 4410 242.
668 4351 698 4406 2.

227 4434 281 4507 ,10)
303 4436 415 4509 Draegsr
435 4434 453 4502 ὅ
476 4437 514 4490 53
538 4432 624 4504 (fine).

233 4518 284 4597 11)
305 4541 334 4594 p.
360 4523 430 4578 119.

50 4764 203 4888 *a
