3300 5196
246 331 287 399 at

205 513 288 591 apud
311 509 486 573 Ciceronem
509 502 638 588 ”pueros
661 500 863 568 meritorios”.
908 503 1042 569 Meridie
1063 499 1223 569 ”somnum
1246 504 1461 567 meridianum

203 606 331 691 capere”
352 609 419 672 Cal.
443 607 493 669 38.
517 609 557 673 N.
581 606 611 668 6.
636 607 745 670 Celsus
768 607 922 669 Catullus.
968 604 1091 669 Merum
1114 608 1276 687 poetarum
1293 625 1379 667 rurore
1395 626 1461 687 pro

203 711 274 772 vino
297 730 379 773 mero
403 713 443 771 A.
467 709 507 769 35
529 711 618 770 tlrure
640 728 676 769 ac
699 727 784 769 mero
807 708 848 769 A.
872 707 923 769 94.
969 704 1084 768 Militia
1117 708 1291 768 insolenter
1312 707 1459 787 positum

202 810 249 873 Cl.
285 812 325 873 25
357 819 515 892 equestres
544 809 676 871 militias
700 808 748 892 (=
770 808 886 888 gradus
909 807 1046 891 militia)
1068 809 1114 869 ita
1136 808 1306 869 ordinavit.
1352 810 1458 888 Apud

109 944 114 954 ι
200 912 321 974 Livium
346 912 489 974 etiams.
514 911 535 971 i.
560 930 588 990 q.
613 909 738 970 milites.
783 906 901 970 Mimas
922 909 1047 990 proprie
1064 909 1179 970 dicitnr
1197 908 1322 980 histrio,
1337 907 1459 970 deinde

201 1031 256 1093 per
288 1012 400 1074 transl.
435 1011 473 1072 de
506 1012 576 1091 ipsa
608 1009 726 1082 sabula,
759 1016 824 1070 tum
848 1009 886 1070 de
910 1010 1023 1090 quavis
1045 1010 1174 1072 relicta
1197 1011 1304 1071 eadem
1328 1009 1396 1069 lere
1419 1010 1458 1072 vi

200 1132 261 1196 qua
282 1113 438 1175 simulatio
461 1113 546 1173 velut
567 1110 634 1173 Cal.
658 1109 750 1172 45111
773 1108 832 1170 boc
854 1128 974 1191 quoque
997 1111 1088 1172 mimo
1111 1120 1226 1191 praeter
1249 1108 1372 1171 modum
1399 1110 1457 1173 iu·

200 1223 396 1296 temperans;
425 1211 509 1275 Otho
532 1213 562 1272 3.
586 1212 622 1272 Τ.
646 1207 740 1292 241).
765 1208 894 1270 Seneca.
938 1212 1031 1291 Apud
1055 1210 1234 1273 Ciceronem
1259 1214 1394 1292 primam
1420 1220 1459 1272 et

200 1315 340 1385 alteram,
362 1332 423 1375 uon
447 1312 573 1374 tertiam
596 1310 852 1390 significationem
876 1311 980 1372 bros
999 1312 1104 1374 habet.
1149 1309 1366 1385 Ministcriune,
1385 1330 1455 1374 vox

196 1414 260 1494 jam
284 1415 356 1475 inde
379 1433 398 1474 a
419 1413 505 1474 Livii
528 1421 622 1474 atate
645 1411 854 1473 usitatissima
877 1411 946 1474 Cal.
969 1414 999 1473 2.
1023 1415 1060 1475 T.
1084 1412 1134 1474 55.
1179 1410 1371 1474 Ministrctor
1393 1431 1457 1492 per

200 1515 309 1576 transl.
343 1513 458 1574 dicitur
491 1513 597 1574 eadem
631 1512 737 1592 signif.
767 1531 828 1592 qua
850 1512 976 1591 adjutor
998 1514 1067 1575 vic.
1095 1509 1142 1585 l'l,
1165 1512 1243 1586 Ciu,
1266 1512 1396 1593 propria
1420 1514 1454 1574 vi

199 1613 282 1695 apud
305 1615 442 1676 Varron.
467 1612 618 1674 Senecam
642 1613 770 1674 Patron.
794 1613 864 1693 Dig.
908 1609 1063 1676 Miscellus
1083 1613 1152 1677 Cal.
1176 1613 1217 1675 20
1232 1612 1362 1674 miscelli
1380 1613 1452 1676 ludi

198 1715 245 1776 ita
266 1724 425 1786 vocantur,
448 1714 530 1795 quod
553 1733 569 1774 e
591 1711 688 1774 variis
711 1713 874 1792 generibus
897 1713 987 1774 mixti
1002 1723 1104 1776 eraut.
1149 1711 1283 1776 Murum
1298 1713 1449 1776 vitiorum

198 1825 231 1878 et
262 1815 410 1877 virtutum
434 1815 525 1877 Dour.
549 1816 578 1875 3.
603 1811 711 1882 Quint.
756 1812 895 1875 Misellos.
917 1814 981 1876 Res
1005 1815 1139 1877 missiles
1161 1815 1202 1877 A.
1226 1814 1267 1876 98
1288 1842 1320 1867 κ
1343 1815 1451 1876 missi-

198 1915 240 1977 lia
277 1915 345 1978 Cal.
383 1914 430 1976 18.
464 1915 505 1978 N.
542 1915 590 1976 11.
620 1915 755 1976 Dom.4
787 1914 970 1976 dicebantur
992 1935 1118 1978 munera
1140 1916 1181 1977 ab
1204 1915 1450 1994 imperatoribus

198 2015 312 2098 populo
345 2034 468 2096 sparsa.
512 2013 623 2077 Musio
655 2014 829 2094 saepissime
862 2016 1028 2078 Suetonius
1057 2036 1113 2097 pro
1137 2015 1317 2077 dimissione
1338 2013 1450 2100 (Liv.)

197 2115 238 2179 A.
265 2110 301 2178 17
324 2116 456 2179 militum
480 2116 603 2196 pramis
626 2123 658 2176 et
680 2115 860 2177 missionem
885 2117 1092 2195 poscentium
1114 2117 1207 2179 etiam
1230 2117 1268 2179 de
1286 2116 1449 2197 gladiato-

197 2218 281 2280 ribus
315 2217 478 2279 dicebatur
512 2216 627 2288 missio,
661 2235 753 2296 quum
776 2216 907 2296 populus
931 2219 976 2279 eis
1005 2218 1200 2290 concederet,
1223 2237 1260 2278 ne
1282 2235 1380 2297 usque
1402 2219 1447 2280 ad

197 2326 327 2380 mortem
362 2318 589 2397 depugnarent,
612 2316 701 2377 velut
732 2317 774 2379 A.
806 2316 847 2377 45
880 2317 1071 2397 gladiatores
1099 2318 1136 2399 (i.
1162 2327 1211 2380 est
1232 2318 1446 2398 gladiatorum

196 2415 341 2500 munera)
363 2419 430 2480 siue
455 2419 600 2479 missione
623 2416 672 2478 edi
696 2417 866 2497 probibuit.
889 2419 961 2480 Liv.
986 2420 1060 2481 Seu.
1080 2421 1174 2481 Mart.
1219 2416 1372 2480 Macestus
1387 2438 1447 2499 pro

197 2528 396 2581 exauctorato
423 2519 629 2598 pretorianus
653 2518 763 2580 dicitur
784 2520 824 2580 N.
848 2519 899 2580 48.
943 2517 1059 2581 Missus
1080 2539 1142 2590 -us‚
1164 2520 1224 2581 nisi
1246 2521 1277 2580 iu
1300 2519 1362 2579 abl.
1388 2539 1447 2581 ea-

196 2620 262 2680 dem
297 2620 329 2681 vi
362 2639 422 2701 qua
450 2621 539 2698 jussu
573 2638 633 2681 nou
656 2619 816 2682 invenitur
838 2622 920 2702 apud
944 2622 1112 2694 Caesarem‚
1134 2621 1216 2698 regis
1240 2621 1335 2682 missu
1359 2621 1443 2701 apud

195 2719 344 2801 Vsrg.²),
376 2740 524 2801 nusquam
557 2721 638 2799 apud
672 2717 865 2795 Ciceronem,
898 2723 980 2802 apud
1015 2724 1143 2785 Suetou.
1174 2741 1229 2802 per
1251 2721 1362 2783 transl.
1388 2716 1446 2784 ”de

194 2820 342 2883 vehiculis
376 2822 423 2881 vel
458 2822 495 2881 de
529 2820 737 2900 gladiatorum
773 2824 909 2901 paribus,
931 2843 999 2905 qnae
1022 2843 1083 2885 uuo
1105 2833 1247 2902 tempure
1271 2823 1311 2882 ad
1339 2831 1445 2884 certa·

195 2937 263 2982 meu
286 2921 318 2982 in
341 2939 463 2981 arenam
488 2915 723 2982 emittebantur'’
744 2922 819 2994 Βο.,
843 2923 939 2985 0121
965 2942 1192 3003 nonnumquam
1207 2923 1370 3002 interjecta
1386 2942 1444 3004 per

194 3021 304 3102 quinos
326 3020 436 3097 missus
459 3020 638 3093 venatione,
661 3021 701 3082 N.
724 3022 775 3082 22.
800 3022 890 3084 Dom.
913 3024 943 3084 4.
988 3022 1164 3086 Modclctus
1177 3025 1207 3084 vi
1220 3025 1443 3104 passivapoe-

192 3128 293 3184 tarum
315 3140 410 3196 more,
434 3120 593 3182 modulata
615 3121 753 3182 carmina
775 3124 815 3184 A.
839 3118 889 3184 57.
914 3124 981 3187 Cal.
1008 3123 1055 3187 16.
1080 3125 1119 3186 N.
1144 3125 1193 3196 20,
1204 3125 1255 3184 42.
1299 3123 1442 3186 Meliteia
1518 3150 1522 3155 >

192 3241 292 3284 rerum
316 3241 462 3284 novarum
486 3221 525 3282 N.
549 3220 599 3282 35.
623 3221 751 3283 Suetou.
778 3243 858 3285 nnus
882 3225 910 3286 b.
935 3242 1009 3286 voce
1032 3244 1106 3287 usus
1130 3235 1187 3286 est.
1233 3224 1440 3287 Mouiticnuo

191 3323 258 3384 loco
280 3322 398 3405 (Amic.
421 3322 472 3383 24.
495 3320 551 3403 89)
575 3323 658 3403 apud
681 3322 757 3397 cic,
779 3325 815 3387 Τ.
841 3325 880 3385 18
901 3325 1073 3388 monitione
1095 3326 1215 3399 addita,
1236 3326 1278 3387 A.
1301 3325 1342 3387 89
1364 3345 1441 3407 pro·

190 3423 374 3505 utquisque
398 3422 569 3485 monitione
592 3423 757 3503 indigeret,
779 3424 820 3487 N.
843 3425 894 3489 56.
939 3424 1113 3509 Morigerae
1140 3425 1176 3511 (i.
1194 3447 1222 3507 q.
1248 3446 1366 3489 morem
1384 3445 1440 3506 ge-

190 3543 258 3584 rere
291 3523 398 3605 alicui)
431 3523 541 3587 Cicero
565 3522 636 3608 (Or.
660 3523 710 3586 48.
737 3525 811 3607 159)
834 3527 940 3600 habet,
963 3535 994 3588 et
1016 3528 1103 3593 Suet.
1126 3528 1228 3589 Τ.-44
1249 3525 1358 3611 (sensu
1381 3527 1439 3588 ob-

188 3622 318 3707 scoeno)
342 3643 394 3687 ore
417 3625 509 3687 alicui
533 3625 727 3711 morigerari.
765 3627 949 3691 Momentum
972 3647 1028 3709 pro
1051 3636 1165 3709 puncto
1180 3629 1339 3708 temporis,
1352 3629 1437 3690 nullo

188 3724 297 3787 addito
321 3725 457 3805 genitivo
480 3727 641 3807 temporis,
664 3745 700 3788 eo
723 3727 790 3808 ipso
814 3741 971 3792 momento
994 3731 1031 3792 T.
1057 3728 1106 3790 14.
1130 3728 1215 3792 Otho
1238 3731 1267 3802 4,
1290 3728 1436 3791 horarum

188 3833 346 3888 momenta
367 3855 400 3878 =
422 3826 506 3888 horae
528 3827 603 3908 ipsae
635 3825 675 3888 A.
699 3828 749 3888 50.
774 3829 820 3892 01.
844 3830 895 3891 40.
918 3831 1015 3910 Vesp.
1040 3832 1089 3892 21.
1114 3830 1147 3892 C.
1170 3828 1220 3891 65.
1245 3829 1354 3891 Celsus
1380 3828 1437 3892 Li-

186 3927 271 3989 viuss
308 3925 430 3989 Movere
461 3957 494 3980 =
526 3928 645 3990 moveri
677 3928 724 3990 01.
747 3930 788 3990 22
810 3929 932 4010 quoties
955 3937 1040 3991 terra
1062 3931 1225 4005 movisset,
1247 3929 1359 3992 Livius
1381 3929 1433 3993 35.

185 4027 226 4091 40
248 4036 334 4091 terra
356 4029 421 4092 dies
444 4027 757 4110 duodequadraginta
779 4031 887 4091 movit.
918 4030 1089 4092 Suetonius
1111 4031 1268 4093 nonnullis
1291 4029 1435 4114 verbisi)

186 4128 231 4192 ita
253 4130 352 4193 utitur
374 4131 461 4194 velut
483 4130 517 4194 0.
540 4128 580 4191 64
602 4128 806 4209 praecipitare.
852 4129 1071 4214 Mccuc'flceutc'a,
1091 4151 1114 4192 a
1135 4131 1297 4196 Ciceronis
1316 4141 1348 4194 et
1367 4131 1435 4194 Cae-

184 4291 380 4302 -1-——n——n

230 4381 257 4452 ¹)
280 4381 312 4437 T.
337 4383 373 4437 24
397 4397 472 4435 nnnc
493 4378 597 4449 legitur
619 4394 653 4432 ex
675 4379 869 4434 emendatione
892 4381 1037 4439 Gronovii:
1061 4384 1145 4438 mimo
1169 4400 1219 4453 pro
1241 4387 1344 4442 animo.

227 4461 253 4537 ²)
275 4467 320 4522 cfr
341 4467 449 4522 Livium
474 4468 501 4521 9.
529 4467 565 4520 19
590 4465 673 4520 missu
693 4465 791 4521 telum.

227 4544 252 4624 ³)
274 4552 319 4608 Clr
341 4554 432 4608 Bromi
454 4554 490 4608 ad
511 4552 541 4607 C.
567 4553 613 4607 26.
