3300 5196
296 312 338 385 30

255 492 363 553 Cicero
386 490 454 550 Att.
480 489 526 550 il.
550 487 579 550 6.
603 488 630 548 b.
654 507 681 548 r.
704 489 749 550 usi
771 500 851 550 sunt.
908 486 1046 569 lnprcdi,
1080 489 1155 550 inire
1182 490 1262 570 apud
1286 490 1369 551 Suet.
1391 510 1512 570 semper

255 610 322 653 cum
345 610 408 651 acc.
427 575 533 667 juncta
553 601 622 648 sunt
646 588 727 649 velut
743 588 1029 659 urbem,.senatum,
1053 590 1278 667 profectionem,
1294 591 1402 652 beliurrr
1419 591 1510 652 simii.

255 689 342 754 Inire
364 699 518 770 poetarum
543 707 624 750 more
647 685 754 776 (seusu
776 687 940 770 obscoeno)
963 689 1002 749 A.
1019 687 1069 751 69.
1092 689 1131 751 N.
1150 690 1187 750 12
1210 703 1313 755 taurus
1334 690 1507 771 Pasiphaen

256 791 333 853 iniit.
376 788 516 851 Initictio
538 788 576 849 N.
599 789 649 849 34.
701 786 818 850 Irrncre
844 803 990 869 sequente
1012 790 1147 850 ablativo
1171 790 1207 851 N.
1232 792 1272 851 12
1293 791 1408 852 marina
1429 811 1510 872 aqua

259 890 433 953 iuuantibus
457 889 570 952 belluis.
603 889 676 950 Tac.
704 889 818 952 Colum.
841 890 909 950 Liv.
931 889 1021 969 Verg.
1045 890 1118 951 Hor.
1161 888 1333 967 ,Innccrrpq
1356 910 1421 952 vox.
1436 911 1511 971 poe-

257 1003 367 1064 tarum,
390 992 477 1053 Dom.
499 990 519 1054 9
542 990 649 1068 legitur
677 1009 730 1070 pro
757 989 889 1062 innoxio,
922 990 1087 1051 innocenti.
1130 988 1326 1054 Innotesrere.
1361 992 1510 1054 Krebsius

256 1091 423 1166 contendit,
457 1091 632 1154 Suetonium
656 1090 683 1151 h.
707 1089 852 1153 vocabulo
875 1107 960 1151 usum
987 1110 1059 1151 esse.
1102 1091 1208 1152 Lectio
1231 1103 1330 1153 tamen
1354 1094 1439 1153 varia
1461 1103 1511 1155 est

257 1192 303 1255 his
332 1193 403 1255 locis
435 1191 492 1274 (N.
514 1191 565 1254 42.
588 1190 668 1254 Otho
690 1192 733 1272 3).
777 1191 811 1252 in
835 1191 1004 1252 melioribus
1031 1191 1114 1252 libris
1136 1192 1187 1253 illo
1210 1193 1274 1253 loco
1298 1194 1419 1272 iegitur:
1453 1213 1509 1256 no·

256 1302 388 1371 tuerunt,
420 1305 452 1356 et
485 1292 540 1354 boc
573 1293 652 1353 loco:
686 1291 812 1352 enotuit.
855 1288 1048 1365 Innumeros,
1077 1311 1134 1353 vox
1156 1293 1262 1372 poetis,
1294 1293 1511 1374 posterioribus

256 1396 381 1466 usitata,
414 1394 575 1455 innumerae
596 1392 688 1471 copie
710 1392 745 1454 C.
768 1389 817 1454 68.
840 1389 943 1454 Galba
964 1391 993 1453 6.
1016 1392 1081 1455 Cal.
1103 1391 1154 1455 26.
1198 1394 1231 1455 ln
1256 1394 1330 1456 libro
1353 1394 1509 1457 Ciceronis

255 1496 305 1578 qni
328 1492 500 1556 inscribitur
522 1492 698 1554 dearctare
720 1493 750 1554 2.
773 1493 822 1553 22.
845 1489 895 1554 92.
919 1511 996 1555 nuno
1018 1493 1138 1571 iegitur:
1168 1496 1238 1556 meri
1262 1495 1421 1576 principes,
1449 1514 1510 1558 nou

255 1593 414 1668 innumeri,
446 1613 534 1676 quarn
559 1593 716 1654 lectionem
738 1592 898 1655 Ellendtus
922 1593 1033 1672 primus
1056 1595 1212 1674 arrrpiexus
1234 1607 1289 1656 est.
1332 1593 1512 1658 innutritus

257 1697 366 1776 amplis
399 1694 505 1773 opibus
538 1692 577 1756 Α.
600 1694 629 1766 3,
661 1710 721 1755 vox
743 1713 806 1773 arg.
828 1704 876 1755 et.
899 1694 1096 1774 scriptoribus
1119 1695 1324 1757 usitatissima.
1368 1694 1512 1759 Inobser·

253 1797 358 1861 r'rcnir'a
380 1812 433 1875 pro
460 1793 655 1873 negligentia,
684 1794 855 1856 temeritate
877 1794 967 1855 siruil.
989 1795 1029 1856 A.
1052 1791 1092 1857 76
1115 1794 1143 1856 1ι.
1165 1804 1212 1857 est
1233 1789 1314 1856 ”tuos
1337 1807 1516 1877 tempus-et

257 1897 353 1960 locum
379 1915 437 1957 nou
461 1889 656 1956 observandi'
680 1895 741 1957 Bc.
765 1892 869 1963 Quint.
896 1895 922 1956 1.
948 1894 973 1956 l.
997 1894 1068 1956 Vox
1088 1893 1295 1979 ferissimi).
1337 1893 1518 1979 Inopi»-

257 2005 302 2060 ior
322 1997 358 2059 T.
381 1996 422 2059 60
456 2015 508 2076 pro
541 1995 693 2057 adverbiis
722 1995 914 2075 necopinato,
939 2014 979 2057 ex
999 1995 1166 2076 inopinato,
1188 2014 1228 2058 ex
1249 1997 1410 2077 insperato.
1453 1996 1513 2060 Irr-

255 2099 390 2183 quietare
411 2097 528 2177 proprie
551 2094 586 2157 de
601 2096 887 2177 somuoiatempto
909 2095 1026 2170 dicitur,
1046 2096 1126 2176 apud
1145 2096 1319 2170 Posterior„
1342 2099 1509 2178 presertim

256 2199 336 2280 apud
360 2192 664 2269 Seston-ttetsse,
684 2196 812 2276 positum
836 2203 882 2257 est
904 2215 956 2276 pro
979 2215 1014 2258 eo
1036 2198 1113 2278 quod
1137 2196 1253 2259 habent
1273 2199 1393 2278 optimi:
1416 2200 1511 2261 mole·

254 2280 480 2372 stiantius,
503 2297 660 2359 molestum
683 2317 748 2359 erse
770 2298 857 2359 simii.
890 2298 924 2359 ln
941 2296 1059 2377 seriptis
1082 2299 1322 2377 prestantiorem
1339 2299 1442 2381 script.
1459 2301 1511 2362 vix

254 2398 418 2464 iiirerb'urn
441 2399 585 2461 invenias.
618 2395 924 2480 61961166ιεῦ138.
947 2397 984 2459 N.
1000 2398 1050 2459 44.
1074 2398 1148 2459 Sall.
1162 2397 1365 2461 Vell.Justiu.
1397 2398 1511 2484 Inqui-

255 2502 329 2564 sitor
342 2498 373 2583 ²)
395 2519 447 2580 pro
465 2500 660 2580 speculatore,
681 2499 872 2578 exploratore
893 2499 981 2559 simil.
994 2498 1068 2560 cll
1091 2499 1131 2559 ab
1148 2499 1372 2579 inquisitoribus
1384 2501 1511 2581 pecunia

256 2604 409 2682 redimere,
430 2601 492 2663 (lic.
506 2600 591 2661 Verr.
608 2599 720 2661 1.2.6.
743 2612 866 2679 uterque
878 2598 1003 2671 Plinius,
1025 2599 1183 2661 iuvenalis
1193 2600 1223 2662 4.
1236 2599 1285 2663 49.
1328 2599 1510 2664 Inscendere

255 2721 363 2785 equum
376 2701 415 2763 N.
427 2701 478 2764 48.
493 2699 554 2762 Tit.
566 2700 596 2762 4.
610 2700 746 2763 Plautus.
763 2698 894 2780 Optimi:
917 2701 1078 2763 ascendere
1092 2699 1136 2760 vel
1149 2701 1360 2775 conscendere,
1382 2714 1417 2764 nt
1427 2703 1508 2782 apud

254 2804 338 2868 Suet.
373 2803 458 2864 velut
479 2802 514 2864 G.
537 2799 575 2864 61
600 2801 774 2873 mcendere,
807 2800 873 2864 Oai.
895 2801 932 2861 bl
958 2800 1168 2863 conscendere.
1213 2800 1379 2886 Insequens
1407 2814 1438 2867 et
1460 2804 1508 2866 in-

179 2959 180 2962 ,
255 2902 430 2987 secuturi).
473 2903 529 2966 Hae.
552 2921 638 2964 voces
661 2903 741 2982 apud
762 2901 846 2963 Suet.
871 2902 1108 2984 frequentissime
1130 2902 1322 2965 inveniuntur
1343 2905 1382 2966 A.
1398 2905 1438 2966 50
1460 2907 1509 2967 in·

254 3005 363 3069 secuti.
383 3004 551 3084 Principes,
574 3004 614 3065 A.
634 3001 675 3064 53
698 3003 864 3085 insequenti
886 3006 933 3064 die
956 3004 1084 3084 saepius3
1117 3004 1221 3065 Livius
1242 3007 1406 3084 saepissimo
1428 3008 1511 3073 inse÷

255 3125 358 3190 quens.
401 3102 526 3166 Iasiden
548 3104 587 3165 A.
609 3103 650 3165 82
673 3103 803 3165 insidens
827 3103 923 3184 ligneo
946 3105 1021 3165 solio
1044 3125 1097 3185 pro
1120 3098 1164 3167 ”in
1187 3118 1328 3188 sequente
1340 3101 1418 3171 abi.”
1457 3110 1510 3170 in-

257 3208 357 3293 eipnic
377 3207 442 3269 Oai.
458 3206 494 3267 31
521 3205 597 3285 quod
622 3205 711 3266 nullis
733 3204 959 3267 calamitatibus
984 3206 1109 3286 publicis
1131 3206 1349 3286 insignirentur
1371 3228 1423 3289 pro
1446 3204 1510 3274 ”in-

254 3309 369 3389 signem
392 3307 500 3379 iecere,
522 3306 715 3386 distinguere,
737 3299 859 3368 notare’‘
880 3306 968 3367 simii.
1004 3306 1109 3371 Cicero
1132 3308 1225 3369 babet
1247 3309 1358 3371 nnllam
1383 3313 1508 3375 formam

255 3410 343 3490 hujus
372 3408 453 3470 verbi
481 3407 538 3468 uisi
560 3426 588 3487 p.
610 3427 640 3488 p.
663 3426 692 3487 p.
716 3443 754 3453 -
775 3407 843 3469 Liv.
866 3407 958 3487 Verg.
982 3408 1082 3470 Plaut.
1105 3408 1179 3468 Tac.
1203 3409 1279 3470 Pliu.
1303 3410 1406 3473 minor.
1452 3410 1510 3474 In-

252 3511 373 3572 siaucrr'
394 3528 447 3589 pro
470 3509 622 3570 insinusre
645 3507 710 3592 (se)
733 3543 772 3554 -
794 3508 963 3570 insinuatus
986 3519 1033 3570 est
1055 3509 1191 3588 Augusto
1214 3507 1267 3572 Gr.
1290 3511 1340 3573 21.
1370 3512 1435 3574 Oai.
1463 3515 1507 3576 12.
1535 3552 1539 3559 =

255 3611 337 3677 Orio
359 3612 389 3671 2.
445 3606 574 3672 Irrsilirc'
604 3609 735 3671 defessos
757 3616 860 3672 tauros
883 3609 929 3671 ci.
952 3611 990 3671 21
1018 3629 1071 3691 pro
1093 3603 1138 3670 ”in
1161 3621 1302 3690 sequente
1325 3607 1404 3674 acc.”
1426 3617 1508 3694 apud

255 3712 373 3773 Livium
390 3723 421 3773 et
435 3710 595 3772 cessarem.
628 3707 738 3771 Iasone
750 3710 911 3772 damnatus
924 3710 964 3774 N.
980 3711 1010 3772 3.
1033 3711 1078 3773 01.
1095 3712 1141 3773 10.
1164 3711 1258 3792 Vesp.
1273 3711 1320 3773 lb.
1343 3712 1428 3776 Poet.
1441 3714 1509 3778 Liv.

253 3813 325 3875 Tac.
349 3812 430 3887 Sall.
466 3810 592 3895 Insp'uo,
620 3830 681 3872 vox
701 3811 791 3873 Plinii
814 3821 844 3872 et
866 3811 1001 3884 Senecae,
1034 3812 1127 3892 Vesp.
1151 3806 1171 3872 7
1192 3813 1217 3872 si
1239 3813 1409 3892 inspuisset.
1454 3812 1510 3878 In-

253 3922 367 3975 stanter
388 3930 447 3974 vox
468 3932 530 3994 arg.
552 3922 600 3976 ret.
622 3911 812 3993 scriptorum,
846 3911 891 3972 Ol.
913 3912 932 3972 b
954 3912 1092 3991 flagitare
1113 3912 1270 3974 instanter.
1313 3912 1434 3978 Instare
1455 3937 1510 3997 pro

254 4025 351 4077 stare
370 4015 404 4077 T.
427 4008 468 4076 72
499 4015 617 4076 instans
650 4014 678 4075 iu
714 4012 809 4074 medio
842 4011 1024 4094 triclini04).
1067 4011 1248 4087 Ineternere,
1284 4033 1342 4077 vox
1376 4017 1456 4079 Livii
1480 4030 1512 4080 et

255 4142 453 4154 ...ο-...ι-

271 4260 272 4265 .
304 4195 333 4271 ¹)
355 4199 413 4254 Alii
434 4200 643 4257 obseruauiiam
665 4197 774 4268 legunt,
797 4195 861 4252 ride
883 4194 978 4260 Quini.
1003 4195 1031 4249 4.
1057 4197 1086 4249 2.
1113 4193 1183 4253 107.

297 4279 323 4357 ²)
345 4282 539 4357 ”inquisitores
571 4291 636 4342 sunt
669 4285 758 4355 igliur
784 4283 910 4338 homines
937 4281 974 4335 ud
996 4281 1222 4362 investigandum
1246 4286 1347 4352 emissi,
1372 4306 1439 4358 quos
1461 4288 1510 4346 Gr.

250 4368 460 4448 ”medocripoer
491 4374 558 4439 dici,
582 4375 663 4429 notai
687 4365 822 4430 casaub?
845 4368 897 4425 BC.
922 4368 958 4424 ad
980 4369 1006 4424 h.
1030 4369 1050 4426 l.
1118 4372 1121 4379 '

294 4459 319 4535 ³)
341 4463 387 4518 (lfa
409 4463 557 4518 Krebsium
578 4461 629 4516 sub
652 4479 718 4518 voce
741 4453 882 4533 ”sequens’‘
905 4460 934 4512 et
956 4475 1017 4527 quae
1039 4458 1073 4511 de
1097 4478 1164 4516 voce
1185 4455 1337 4534 ”sequensl
1350 4462 1507 4535 disputabo.

295 4547 321 4624 ⁴)
343 4552 400 4606 Alii
423 4550 507 4605 aliter
529 4549 558 4603 h.
582 4548 601 4604 1.
623 4549 803 4621 interpretati
824 4548 898 4606 sunt.
933 4547 1005 4602 Vide
1027 4546 1079 4601 Bu.
1103 4550 1139 4604 ad
1161 4550 1190 4604 h.
1215 4549 1234 4606 l.
