3592 5400
1398 391 1438 460 37

227 573 308 638 obiit
321 572 361 657 ¹),
384 573 469 640 obire
492 572 573 638 diem
598 571 633 636 0.
646 568 676 633 9.
700 570 760 652 is.
785 587 815 654 q.
837 572 1014 653 praestituto
1038 574 1088 638 die
1110 569 1270 660 edesse't
1315 574 1484 662 Objurpare

227 677 249 739 i.
286 695 316 758 q.
351 673 509 754 eastigsre
537 672 606 742 Gal.
631 674 671 735 20
705 674 822 748 ferulis,
845 673 883 736 Ο.
908 675 937 736 2.
962 675 1083 738 Seuera
1105 677 1192 740 Pers.
1218 680 1346 742 Petrou.
1390 675 1483 741 Oblo-

228 786 310 842 trcne
331 775 430 858 Vesp.
458 775 505 837 13.
529 763 727 836 Demetrium
751 775 961 838 oblatrantem
984 778 1089 839 neseio
1112 778 1198 860 quid,
1221 777 1353 842 Seneee.
1397 776 1483 843 Obli-

227 898 317 962 qnns
338 896 402 957 per.
426 875 537 938 transl.
573 903 604 930 ε
627 874 773 938 obsenrns
796 877 851 956 (de
874 875 1033 958 oratioue)
1056 879 1147 941 Dom.
1170 881 1200 940 2.
1225 878 1336 942 Cicero
1360 887 1392 940 et
1414 881 1483 943 ee-

228 998 281 1042 ser
303 977 430 1059 propria
452 993 576 1056 semper
597 976 629 1037 vi
653 975 683 1038 1ι.
707 995 783 1039 vose
806 984 943 1040 utuntur.
987 975 1131 1041 Obloeore
1152 978 1271 1094 aliquid
1295 979 1483 1044 macellariis

229 1079 264 1145 0.
299 1077 350 1140 26.
374 1077 492 1142 Justiu.
537 1073 774 1139 obmurmurare
796 1077 892 1144 Otho.
916 1074 936 1142 7
958 1077 1051 1141 Ovid.
1097 1077 1252 1142 Obnonrue
1274 1082 1310 1144 Τ.
1337 1081 1385 1144 12.
1408 1079 1481 1141 Lir.

228 1179 308 1244 Seli.
343 1179 429 1242 Suet.
464 1171 583 1242 Poetae.
607 1177 763 1240 Absolute
785 1178 921 1261 positum
944 1186 993 1241 est
1014 1182 1050 1243 T.
1078 1181 1114 1242 12
1138 1179 1306 1244 obnoxium
1331 1189 1363 1243 et
1385 1181 1484 1262 trepi-

229 1282 300 1350 tium
321 1309 355 1333 ==
377 1279 533 1346 timidum.
583 1275 691 1342 Oboleo
725 1298 789 1341 vox
817 1277 976 1352 Plautius,
1009 1280 1117 1343 allium
1150 1284 1248 1363 Vesp.
1282 1281 1312 1343 8.
1337 1281 1406 1345 Cal.
1431 1281 1482 1344 23.

229 1379 342 1445 Obsero
374 1381 436 1444 Tit.
474 1381 523 1444 ll.
557 1381 664 1444 Poetae
696 1379 768 1442 Liv.
805 1381 886 1463 Nep.
923 1381 989 1446 Ool.
1044 1379 1224 1462 Obeolesterr’,
1247 1402 1311 1444 vox
1334 1399 1417 1456 rare,
1440 1381 1481 1444 A.

229 1482 270 1546 89
291 1501 402 1545 ιιοιιιειι
426 1509 458 1534 ==
480 1481 647 1555 virescere
670 1481 791 1544 Seneca
813 1480 944 1563 Eprio:
967 1481 1142 1545 auctoritas
1156 1481 1359 1546 obsolefacta.
1372 1483 1482 1544 Veler.

229 1585 316 1648 Max.
362 1579 502 1655 Obsmre,
532 1601 595 1647 vox
631 1588 802 1661 poetarum,
836 1582 949 1646 obsuto
970 1583 1082 1656 lectica
1102 1579 1137 1646 T.
1160 1583 1212 1646 64.
1235 1584 1297 1646 Rh.
1323 1584 1350 1645 l.
1395 1580 1483 1645 Orei-

222 1684 337 1768 pitr'um
371 1685 407 1746 T.
432 1682 481 1745 68.
506 1683 574 1746 cat.
600 1681 649 1744 35.
672 1680 792 1746 Celsus.
817 1683 924 1754 Quint.
968 1683 1102 1757 Occasio,
1125 1683 1210 1748 omui
1234 1683 1406 1757 suessione,
1425 1701 1484 1766 per

230 1785 438 1856 sermionem,
459 1783 577 1848 similia
610 1785 693 1865 apud
727 1786 854 1848 Sueten.
890 1791 922 1846 ει
948 1785 1148 1849 Posteriores
1170 1785 1192 1847 i.
1215 1804 1241 1846 s.
1267 1805 1296 1868 q.
1321 1783 1483 1847 oeoasioue

230 1885 338 1948 oblate
361 1893 395 1949 ut
416 1885 500 1964 apud
523 1886 611 1948 Suet.
636 1886 672 1949 0.
695 1881 746 1947 73.
770 1887 812 1951 A.
837 1885 885 1948 16.
908 1873 909 1876 “
930 1883 1078 1950 Oeenrnrs
1100 1886 1183 1968 apud
1207 1887 1281 1950 Teo.
1297 1885 1381 1948 Vell.
1401 1884 1482 1947 Plin.

231 1988 389 2064 majorem,
421 1984 550 2050 Livium
570 1985 614 2064 (t.
638 1985 688 2046 41.
713 1982 758 2068 5),
781 1987 867 2050 Suet.
887 1985 946 2072 (Τ.
970 1985 999 2050 7.
1024 1988 1063 2049 Ν.
1091 1987 1117 2061 1,
1138 1987 1204 2070 23).
1250 1985 1409 2070 Offendere
1432 2005 1485 2048 oe-

230 2087 387 2150 easiouem
421 2086 457 2148 0.
493 2088 512 2148 3
544 2116 575 2144 =
609 2085 752 2148 iuvenire
774 2088 878 2150 Varro
902 2089 972 2150 Ter.
1018 2083 1159 2175 Officium
1182 2087 1337 2152 Caesarum
1362 2087 1484 2150 demum
1513 2123 1516 2140 ι

230 2195 325 2252 aetete
357 2215 390 2240 =
413 2207 524 2250 munus
558 2187 763 2266 magistratus
796 2189 892 2252 simil.
937 2191 987 2251 lta
1010 2187 1179 2252 Suetonius
1200 2189 1376 2270 saepissime
1398 2188 1487 2252 velut

232 2289 274 2356 A.
297 2284 348 2352 37.
373 2290 410 2350 Τ.
434 2290 485 2352 42.
529 2287 602 2353 Jem
628 2289 711 2370 spud
737 2288 892 2352 Gaeserem
915 2290 953 2352 B.
977 2289 1017 2352 G.
1046 2291 1075 2352 3.
1099 2289 1129 2352 b.
1153 2281 1211 2372 2³)
1233 2289 1316 2352 idem
1340 2289 1405 2352 iere
1421 2289 1486 2370 sig-

231 2390 352 2456 nifieat.
386 2389 532 2453 Oilioium
557 2390 717 2452 Oeeserum
741 2397 836 2452 atate
859 2410 940 2470 saepe
964 2389 1078 2454 dieitur
1100 2392 1138 2453 de
1150 2389 1188 2453 iis
1201 2390 1252 2473 qui
1267 2390 1485 2470 magistratum

231 2492 433 2567 comitentur,
465 2502 497 2552 et
529 2491 683 2572 praeeipue
717 2490 755 2553 de
777 2491 814 2553 iis
837 2493 889 2574 qui
911 2491 1079 2555 amicorum
1103 2491 1170 2554 dies
1193 2493 1292 2555 festos
1315 2498 1487 2571 praesentes

231 2594 401 2668 eelebrent,
422 2592 509 2656 velut
530 2591 598 2654 οε1.
623 2592 663 2654 23
686 2611 778 2673 quum
801 2592 840 2654 ud
865 2593 997 2656 silicium
1022 2591 1230 2676 (nuptiarum)
1254 2600 1286 2654 et
1301 2590 1487 2673 ipsevenis·

231 2703 290 2759 set.
334 2692 443 2760 ottone
469 2711 564 2756 senex
586 2691 623 2754 Τ.
646 2690 697 2754 ab.
727 2691 848 2754 Oolum.
872 2693 968 2754 Mart.
992 2693 1071 2756 Hor.
1115 2689 1248 2776 Operam
1270 2692 1345 2754 dare
1367 2691 1486 2754 homiui
1576 2753 1577 2756 ,

233 2796 267 2858 0.
292 2795 365 2859 4--
388 2791 508 2867 audire,
543 2791 745 2858 matrimonio
778 2791 817 2854 G..
847 2791 920 2853 5==
943 2791 1055 2855 ducere
1077 2811 1217 2855 uxorem.
1262 2789 1394 2876 operari
1416 2791 1485 2854 (iel.

232 2897 272 2956 20
295 2893 473 2956 bominibus
495 2890 699 2974 operantibus
724 2921 757 2946 =
780 2911 858 2973 opus
887 2892 1028 2958 menibus
1051 2895 1166 2956 lesere.
1190 2893 1398 2956 Posteriores.
1443 2889 1488 2956 O·

228 2995 338 3077 pinari
371 2994 454 3074 apud
487 2995 617 3058 Sueten.
652 3013 735 3073 saepe
758 2993 780 3056 i.
805 3014 833 3075 q.
859 2993 953 3075 loqui,
974 2992 1061 3057 uelut
1082 2995 1123 3058 A.
1142 2993 1184 3058 ‘51
1211 2995 1292 3075 quod
1315 2993 1395 3056 mele
1419 2993 1487 3074 opi·

234 3093 300 3158 neri
333 3093 371 3156 de
405 3093 529 3158 (lasere
562 3093 689 3166 soleret,
723 3095 763 3158 A.
798 3091 848 3157 67.
904 3091 1110 3179 Opprntrmm
1141 3103 1174 3157 ει
1205 3093 1371 3168 obsonium,
1394 3111 1488 3157 voees

234 3202 394 3276 poetarum
429 3205 459 3258 et
490 3195 709 3277 posteriorum,
737 3197 824 3259 Suet.
848 3214 942 3275 eaepe.
988 3193 1085 3258 Orare
1106 3215 1233 3258 oausam
1256 3196 1326 3260 Gal.
1350 3197 1379 3257 3.
1403 3195 1487 3268 Lim,

232 3295 415 3380 simpliciter
447 3315 538 3364 orare
572 3295 660 3381 (audi
693 3294 838 3379 oensem)
877 3285 939 3360 Tit.
974 3293 995 3358 3
1026 3317 1082 3377 pro
1118 3316 1153 3358 eo
1188 3296 1270 3378 quod
1304 3304 1352 3358 est
1385 3295 1488 3358 diotre

233 3415 374 3472 eausam
407 3395 472 3460 cre.
508 3396 567 3460 Off.
603 3398 632 3458 3.
670 3398 709 3459 10
741 3398 828 3460 litem
864 3416 966 3460 oraro.
1018 3394 1286 3478 ordinaremus
1310 3395 1410 3461 Cicer.
1436 3415 1488 3459 ra-

233 3519 270 3570 ra
302 3517 374 3572 vox,
408 3499 448 3560 ab
481 3516 549 3579 arg.
578 3505 628 3560 εει.
653 3497 861 3580 scriptoribus
883 3499 1083 3580 frequentata
1105 3505 1164 3562 est.
1195 3497 1350 3568 Ordinere
1373 3497 1488 3560 biblio·

232 3599 342 3662 theess
366 3597 400 3662 0.
424 3597 465 3662 56
486 3628 519 3652 =
542 3598 692 3679 digerere,
715 3599 898 3680 disponere3
921 3599 1065 3662 ordinare
1078 3600 1281 3680 magistratus
1295 3597 1329 3660 0.
1344 3595 1385 3662 76
1395 3598 1489 3661 :iu-

234 3700 376 3762 stituere.
421 3696 581 3762 Ordinatio
614 3719 671 3780 pro
705 3700 915 3772 institutione,
949 3699 1057 3762 ordine
1080 3702 1172 3764 Dom.
1196 3701 1227 3762 4.
1251 3700 1292 3762 A.
1316 3698 1367 3760 3l.
1412 3701 1489 3764 Haee

233 3819 296 3864 vox
318 3818 338 3863 a
360 3804 500 3863 veterum
525 3800 755 3864 consuetudine
781 3801 888 3864 aliena
915 3808 973 3864 est.
1018 3798 1126 3864 Oriens
1147 3819 1204 3883 pro
1228 3799 1367 3864 Orientis
1388 3799 1489 3879 perti·

235 3901 303 3977 bus,
337 3899 518 3983 provinciis,
552 3901 645 3964 terris
667 3902 761 3965 simil.
794 3901 1048 3985 frequentissime
1071 3903 1154 3984 a'pnd
1177 3899 1321 3975 Sueten„
1342 3899 1429 3962 velut
1450 3899 1487 3962 Τ.

278 4080 305 4164 ¹)
338 4087 425 4144 Loous
457 4089 529 4161 Aug.
565 4089 583 4143 4
620 4105 694 4144 nune
727 4088 890 4145 emendatus
912 4091 963 4153 εει,
986 4091 1019 4145 ut
1041 4081 1201 4153 '‘mortem”‚
1224 4105 1281 4143 non
1305 4076 1427 4142 ”morte'’
1449 4084 1488 4138 le·

234 4176 383 4330 ίζιῇξι7006
410 4223 528 4332 Seyffert
550 4263 586 4318 ed
609 4262 724 4320 Laelium
747 4262 773 4316 2.
799 4261 814 4315 7
840 4255 889 4319 ”tu
911 4280 967 4320 nou
989 4255 1094 4336 affuisti
1116 4261 1165 4332 qui
1185 4257 1397 4331 diligentissime
1418 4273 1489 4314 wm-

234 4365 284 4420 per
317 4348 398 4404 illum
435 4348 509 4404 diem
536 4349 633 4408 solitus
655 4364 726 4404 esses
747 4342 850 4404 obire.'’
893 4349 968 4420 Apte
994 4345 1140 4416 eomparnt
1161 4345 1275 4402 Ruhnk.
1298 4345 1489 4400 vadimonium

236 4436 323 4502 obire,
346 4435 364 4491 i.
387 4451 411 4489 e.
435 4451 463 4490 se
485 4437 579 4493 sistere
601 4437 638 4492 ad
659 4435 734 4490 diem
756 4436 784 4489 et
806 4435 906 4491 rodem
928 4435 1057 4492 liberare.

281 4514 308 4590 ³)
330 4520 378 4577 ctr
399 4521 579 4594 lengenbach
602 4521 712 4592 (Visite
734 4519 863 4597 Auflage)
884 4541 912 4597 ρ.
937 4524 986 4580 56.
