3300 5196
257 336 299 402 54
324 380 328 388 .

217 521 250 573 et
271 510 353 573 Suet.
377 524 431 569 usu
453 514 636 586 receperunt.
670 502 772 567 Rh.6
804 502 939 564 trivialia
961 503 1064 575 verba,
1098 501 1138 564 A.
1161 497 1201 563 74
1223 503 1356 564 triuiales
1382 494 1471 564 ludii.

217 610 321 681 Quint.
348 611 373 670 l.
395 609 424 668 4.
447 602 497 669 27.
518 605 646 668 scientia
667 603 808 677 trivialis,
829 604 936 666 Juveu.
953 600 981 666 7.
998 603 1048 665 55.
1071 622 1201 664 carmen.
1237 604 1384 666 Krebsius
1407 623 1472 665 mo-

219 722 282 785 uet,
304 709 476 772 Ciceronem
500 705 594 790 (Mur.
617 703 645 766 6.
671 694 790 787 latim
814 705 943 766 locutum
968 723 1044 766 esse:
1068 704 1227 765 maledicta
1249 724 1285 765 ex
1309 705 1397 767 trivio
1421 724 1472 767 ar·
1541 711 1543 716 '

219 811 325 891 ripere.
383 806 537 870 'liemare
569 825 622 887 pro
656 806 832 867 detruncare
864 804 929 866 Cal.
953 804 993 867 45
1016 806 1149 876 arbores,
1182 823 1242 866 vox
1265 825 1342 878 rara,
1365 806 1473 885 poetis,

218 910 315 983 Livio,
338 909 485 970 nonnullis
507 905 730 969 Posterioribus
752 904 875 966 usitata.

305 1007 440 1072 Ubertim
460 1025 514 1088 pro
537 996 655 1087 copiose
677 1005 710 1068 C.
731 1004 783 1068 81.
806 1005 867 1066 Tit.
893 1006 939 1066 10.
973 1005 1097 1068 Seneca.
1155 1002 1235 1067 Ultio
1261 1005 1348 1067 Livio
1377 1005 1472 1084 primo

219 1109 341 1181 usitata,
362 1128 381 1170 a·
402 1106 617 1188 posterioribus
641 1107 833 1186 frequentata
854 1104 968 1166 Otbo9
989 1105 1019 1166 in
1044 1106 1186 1167 ultionem
1210 1105 1392 1182 ignominie,
1414 1125 1473 1166 sae·

220 1211 295 1290 pius.
337 1205 454 1270 Ultimo
476 1226 545 1287 pro:
569 1205 608 1266 ad
625 1205 774 1277 ultimum,
797 1205 834 1265 ad
851 1215 1052 1284 postremum3
1073 1205 1112 1266 N.
1128 1206 1167 1266 32
1181 1203 1220 1287 ¹).
1269 1203 1397 1267 Urbicus
1420 1221 1474 1284 pro

219 1309 350 1389 genitivo
383 1307 466 1370 urbis
496 1306 535 1368 A.
560 1300 601 1369 Ab
630 1305 824 1384 magistratus
848 1305 951 1376 urbici,
980 1306 1014 1367 C.
1037 1303 1086 1367 49.
1110 1305 1149 1367 A.
1176 1304 1222 1367 18.
1245 1299 1284 1367 Ν.
1308 1306 1356 1368 23.
1380 1307 1473 1367 Mart.

220 1410 297 1474 Gall.
331 1404 501 1492 'Uerrrpore
532 1405 552 1468 i.
575 1425 604 1487 q.
627 1406 781 1468 vindicare
816 1404 871 1467 sibi
901 1405 970 1489 quid
1005 1406 1085 1467 nullo
1113 1404 1181 1486 jure
1204 1405 1269 1468 Cal.
1292 1405 1341 1468 38.
1365 1406 1410 1468 Cl.
1434 1404 1474 1467 25

220 1509 381 1593 peregrinas
403 1505 587 1571 condicionis
609 1506 744 1570 homiues
766 1506 863 1568 vetuit
894 1504 1039 1588 usurpare
1071 1505 1208 1568 Romana
1238 1506 1367 1570 nomina.
1399 1507 1474 1570 Tac.

220 1604 333 1676 Justin.
356 1609 473 1684 Plinius
495 1608 598 1669 minor.
978 1665 980 1669 .

310 1707 423 1773 Vocare
445 1708 533 1770 alicui
556 1707 596 1769 rei
619 1707 736 1788 proprie
759 1716 805 1768 est
821 1727 944 1769 vacuum
960 1726 1024 1768 esse
1040 1709 1076 1769 ed
1093 1709 1204 1790 aliquid
1222 1708 1398 1783 laciendum,
1421 1710 1475 1769 de-

221 1812 290 1873 inde
312 1802 455 1890 imprimis
478 1809 558 1888 apud
581 1807 768 1870 Posteriores
783 1808 803 1868 i.
816 1828 840 1869 s.
853 1828 881 1889 q.
904 1826 937 1868 se
959 1818 1055 1870 totum
1078 1810 1186 1870 dedere
1210 1811 1256 1872 cui
1280 1809 1333 1881 rei,
1355 1828 1474 1890 operam

222 1913 295 1973 dare
318 1911 407 1983 simil,
429 1909 511 1971 velut
533 1908 572 1970 A.
588 1908 698 1969 studiis
722 1909 851 1981 vacavit,
874 1908 912 1970 A.
925 1906 966 1970 45
979 1908 1018 1992 ²).
1069 1905 1225 1971 Vecillcte'o
1240 1910 1347 1971 0121.
1371 1908 1476 1979 Quint.

230 2010 334 2074 Valere
347 2011 421 2073 ·Vit.
440 2009 479 2071 18
500 2009 547 2071 cui
570 2003 730 2088 cognomen
753 2009 851 2070 Becco
875 2011 981 2082 luerat,
1003 2009 1032 2070 id
1052 2010 1133 2071 valet
1146 2009 1176 2093 ³)
1199 2010 1247 2095 (=
1262 2011 1290 2070 id
1310 2007 1476 2092 significat)

221 2112 379 2192 gallinacei
413 2120 552 2173 rostrum.
613 2106 757 2170 Vuletudo
793 2108 899 2170 urentis
931 2110 948 2171 i.
972 2129 1000 2189 q.
1022 2110 1186 2171 deminutio
1220 2110 1402 2172 mentis-A.
1425 2109 1475 2173 99.

228 2209 365 2275 Vertere.
399 2210 479 2272 Huic
501 2209 567 2275 voci
590 2209 716 2271 Sueton.
734 2217 765 2270 et
786 2209 975 2271 transitivum
1000 2209 1058 2271 vim
1082 2210 1221 2289 subjecit,
1243 2222 1277 2272 ut
1300 2219 1426 2283 veteres,
1445 2212 1476 2271 et

222 2312 456 2386 intransitivum,
488 2321 520 2371 ut
542 2312 655 2381 Poeta,
688 2309 805 2383 Livius,
839 2310 1035 2383 Posteriores,
1068 2310 1149 2372 velut
1172 2311 1210 2373 A.
1233 2310 1274 2372 98
1296 2311 1399 2373 morbo
1422 2331 1477 2372 ra·

222 2413 328 2476 riante.
389 2409 518 2474 Vectctr'o
550 2409 615 2473 Cal.
638 2411 657 2471 3
684 2410 808 2472 assidua
841 2410 906 2490 equi
940 2411 1111 2472 vectatione
1139 2422 1208 2492 post
1230 2411 1326 2474 cibum
1350 2412 1476 2473 Seneca.

229 2512 314 2578 Vecto
335 2509 456 2598 (vello),
490 2530 548 2572 vox
582 2511 680 2591 poetis
709 2510 793 2581 trita,
825 2531 842 2572 a
871 2510 957 2572 Livio
980 2521 1009 2573 et
1029 2512 1246 2592 posterioribus
1268 2522 1414 2592 usurpata
1436 2513 1476 2574 A.

221 2612 467 2678 83'vectabatur
488 2624 518 2673 at
539 2610 764 2673 deambulabat.
819 2607 924 2674 Velare
946 2613 1094 2692 propriam
1118 2610 1177 2673 vim
1200 2593 1305 2675 Cicero
1327 2612 1477 2691 adjunxit,

224 2715 409 2779 Posteriores
432 2714 521 2776 etiam
545 2711 725 2774 translatam
748 2713 783 2773 T.
798 2712 836 2774 12
857 2712 895 2774 ad
919 2712 1110 2791 ignominiam
1124 2713 1282 2775 velandam
1295 2707 1477 2797 (='celare).

228 2813 375 2878 Venerari
382 2835 394 2886 3
427 2824 542 2877 veteres
566 2813 728 2893 scriptores
749 2814 786 2874 de
809 2813 891 2886 Deis,
923 2813 1103 2892 posteriores
1130 2814 1220 2875 etiam
1245 2814 1281 2874 de
1305 2814 1476 2875 homiuibus

223 2915 295 2976 laec
314 2933 387 2976 voca
419 2922 545 2975 utuntur
572 2932 625 2993 pro
652 2912 760 2984 colere,
792 2913 940 2986 revereri,v
965 2914 1125 2975 observare
1148 2913 1194 2976 Cl.
1220 2914 1258 2975 12
1280 2915 1477 2993 magistratus

223 3035 295 3078 voco
317 3035 352 3076 ac
375 3033 467 3075 mauu
489 3023 651 3074 veneratus
673 3024 730 3087 est,
759 3015 794 3075 T.
817 3012 865 3076 29.
890 3015 953 3075 Vit.
975 3017 1004 3076 2.
1027 3014 1066 3076 A.
1093 3014 1138 3076 18.
1189 3011 1338 3079 Ventilcre
1360 3015 1477 3095 proprie

224 3126 386 3202 usurpatur
419 3132 437 3174 a
466 3112 689 3175 Posterioribus
711 3114 790 3175 velut
814 3112 852 3180 A.
875 3113 916 3173 92
939 3115 1104 3177 ventilante
1127 3114 1227 3195 aliquo
1249 3117 1391 3189 cubabat,
1424 3115 1477 3178 Ci-

224 3216 336 3298 cero⁴)
370 3233 422 3294 per
453 3213 683 3275 translationem
706 3243 738 3266 ε
760 3213 928 3275 incendere.
979 3213 1139 3276 Verrruculi
1159 3216 1224 3276 Vit.
1250 3216 1289 3277 14
1321 3217 1408 3296 paulo
1429 3213 1493 3303 ¹in-¹

224 3316 369 3379 solentius
392 3315 542 3387 dicuutur,
563 3312 613 3394 qui
636 3314 727 3384 dicta,
750 3312 851 3395 qualia
874 3325 945 3376 sunt
968 3335 1137 3389 vernarum,
1159 3316 1187 3376 in
1207 3317 1282 3377 alios
1304 3317 1478 3395 conjiciunt,

224 3417 319 3481 Mart.
373 3415 465 3497 Apud
489 3414 660 3477 Ciceronem
694 3414 873 3476 vernaculus
901 3425 947 3476 est
968 3416 1149 3495 adjectivum
1172 3418 1249 3497 quod
1272 3437 1296 3478 s.
1320 3417 1338 3478 i.
1362 3437 1389 3498 q.
1413 3418 1477 3479 Ro-

225 3536 341 3591 manus,
369 3507 489 3598 ¹patrius
521 3515 609 3576 simil.
659 3513 815 3578 Verectr‘la'a
842 3534 890 3577 -es
916 3517 1026 3578 tabulae
1048 3516 1351 3600 N.·31.seneea³).
1402 3515 1478 3580 Ver-

224 3617 291 3682 ecri
319 3618 399 3681 circa
421 3613 620 3680 scansurGr.
645 3615 828 3695 remmia
851 3637 950 3678 scena.
1003 3616 1183 3700 resperas).
1217 3618 1284 3679 Hac
1306 3619 1401 3680 sonna
1425 3639 1478 3698 pro

226 3738 352 3803 vespero
382 3717 499 3797 semper
527 3716 687 3779 Suetonius
710 3716 804 3779 utitur
826 3717 865 3778 A.
887 3717 936 3781 53.
958 3718 1004 3781 Cl.
1027 3709 1340 3798 occultamque
1363 3719 1400 3779 ad
1426 3738 1478 3780 ve·

217 3838 355 3906 speram.
416 3814 520 3880 Vestis.
553 3817 740 3881 Posteriores
774 3817 802 3878 11.
824 3836 852 3879 v.
874 3818 903 3879 iu
927 3819 1035 3900 plurali
1059 3838 1180 3880 numero
1204 3818 1315 3880 habent
1338 3820 1420 3880 velut
1441 3820 1477 3882 T.

226 3921 268 3986 36
301 3919 454 4000 religiosas
486 3925 593 3978 vestes.
627 3918 753 3981 (11.23.
802 3918 927 3980 Veteres
960 3920 988 3981 in
1022 3919 1163 3999 singulari
1198 3938 1324 3980 numero
1358 3920 1477 3982 habent.

277 4107 302 4175 ¹)
324 4103 368 4162 Ad
391 4107 543 4160 extremum
568 4102 642 4172 apud
663 4101 822 4157 Ciceronem
846 4119 930 4155 unum
954 4101 1103 4158 invenitur.

272 4185 297 4260 ²)
319 4191 365 4246 cfr
386 4190 544 4247 Ciceronem
567 4191 629 4244 Div.
657 4190 682 4242 l.
708 4191 733 4242 6.
761 4191 808 4244 10.
831 4205 883 4258 ego
906 4207 969 4242 vero
992 4190 1174 4261 philosopluae
1194 4207 1301 4262 semper
1325 4210 1402 4246 raico.

273 4271 298 4346 ³)
320 4278 390 4334 Aliis
411 4277 479 4334 locis
501 4277 587 4331 babet
608 4275 769 4330 Suetonius:
793 4275 821 4330 id
843 4287 892 4329 cst.

273 4356 298 4432 ⁴)
321 4365 412 4422 Tlaoc.
438 4367 487 4420 25.
514 4365 563 4418 54.
587 4361 680 4431 contio
702 4361 849 4416 ventilata.

274 4446 299 4518 δ)
321 4451 422 4507 Eodem
445 4453 525 4508 ruodo
546 4451 633 4505 habet-
655 4447 759 4504 Seneca
781 4443 966 4504 ’'versabiles''

274 4529 300 4607 ⁶)
322 4538 415 4596 naue.
442 4540 491 4598 so.
516 4540 542 4598 1.
594 4527 596 4530 ’
