3300 5196
277 377 297 443 2

232 556 284 618 illa
305 557 509 638 simplicitate,
532 558 691 639 elegantia,
712 560 930 642 perspicuitate
945 558 1089 623 orationis
1105 559 1253 623 concisum
1276 560 1348 623 illud
1371 570 1402 622 et
1423 562 1478 623 ab·

232 667 351 738 ruptum
379 658 495 720 dicendi
517 644 609 739 genus
624 661 818 740 posteriorum
835 661 1010 742 scriptorum
1027 661 1191 735 exstitisse,
1213 662 1290 743 quod
1306 662 1395 725 nullis
1411 663 1478 724 viu-

232 757 306 819 culis
338 759 512 821 adstrictum
540 760 568 820 iu
603 759 803 822 minutissima
841 781 920 842 saepe
950 763 1082 824 membra
1114 762 1295 841 discerptum
1325 772 1386 838 est;
1419 782 1478 843 qua

232 877 292 919 una
324 876 355 918 re
388 878 449 940 arg.
471 867 518 921 ret.
541 860 703 940 scriptores
737 861 783 923 vel
807 863 937 925 maxime
970 862 1009 923 ab
1032 863 1153 944 optimis
1175 860 1234 923 illis
1256 881 1355 925 aureae
1377 863 1477 924 aetatis

230 956 379 1020 differunt.
421 958 526 1022 Oratio
559 961 636 1022 enirn
665 971 797 1023 veterum
821 962 895 1024 mira
917 962 1046 1043 quadem
1069 963 1216 1042 elegantia
1239 973 1270 1024 et
1291 982 1409 1024 summa
1431 962 1477 1024 di-

231 1056 354 1139 ligentia
375 1060 418 1121 ita
440 1079 576 1123 connexa
597 1072 645 1122 est
666 1061 766 1143 itaque
788 1072 870 1124 arcte
893 1062 1032 1135 cohaeret,
1055 1072 1088 1124 ut
1110 1063 1181 1124 nihil
1206 1064 1314 1144 aptius,
1344 1064 1415 1124 nihil
1440 1064 1477 1124 li·
1499 1114 1508 1125 .

230 1158 347 1257 qnidius
380 1159 438 1222 dici
460 1170 513 1222 eut
534 1162 657 1241 cogitari
680 1164 785 1242 possit,
815 1163 999 1244 maximeque
1021 1162 1050 1224 iu
1073 1163 1387 1242 comprehensionibus
1410 1183 1477 1224 ver-

230 1263 334 1325 borum
368 1261 589 1323 conformandis
617 1262 776 1342 singularis
799 1265 933 1343 quaedam
956 1282 1029 1325 cura
1051 1262 1189 1325 adhibita
1212 1275 1267 1326 est.
1311 1265 1382 1327 Jam
1406 1284 1475 1326 reru

228 1365 259 1446 jd
292 1361 331 1420 ad
362 1362 491 1424 solutam
525 1361 689 1424 orationem
722 1364 964 1425 commutandam
994 1364 1126 1424 nonnihil
1149 1364 1242 1425 valuit
1264 1364 1353 1445 quod,
1385 1384 1475 1445 quum

227 1463 360 1537 Augusti
382 1470 473 1525 aetate
496 1461 595 1542 pobsis
616 1462 729 1524 Latina
750 1463 788 1525 ad
809 1482 957 1525 summum
973 1465 1117 1544 perducta
1133 1473 1226 1539 esset,
1247 1466 1301 1527 sol.
1318 1484 1361 1527 or.
1376 1463 1472 1544 scrip·

228 1552 309 1628 rores
328 1563 410 1640 justo
433 1562 553 1642 propius
576 1563 614 1623 ad
629 1562 658 1644 ¹)
683 1572 837 1644 poetarum
861 1565 975 1626 dicendi
998 1585 1088 1644 genus
1109 1575 1318 1640 accesserunt3
1340 1566 1370 1626 id
1393 1565 1471 1647 quod

228 1659 349 1729 minime
371 1662 477 1725 mirum
509 1662 666 1738 videbitur,
695 1665 719 1724 si
747 1683 853 1744 pueros
882 1665 910 1726 in
933 1664 1044 1727 scholis
1065 1666 1095 1727 in
1119 1666 1215 1746 poetis
1236 1664 1421 1746 explicandis
1443 1675 1473 1725 et

227 1764 395 1831 ediscendis
408 1770 547 1825 versatos
568 1783 634 1826 esse
657 1763 842 1844 cogitaveris.
875 1764 950 1836 Quae
973 1785 1060 1846 quum
1084 1767 1128 1828 ita
1148 1766 1219 1840 sint,
1240 1786 1312 1828 sane
1335 1787 1392 1829 non
1417 1766 1473 1826 mi·

227 1887 335 1941 remur,
366 1864 496 1925 solutam
527 1864 692 1926 orationem
726 1865 782 1927 hoc
813 1866 948 1946 ternpore
970 1867 1087 1947 poetico
1120 1868 1204 1947 quasi
1227 1867 1324 1928 colore
1349 1868 1473 1929 tinctam

227 1987 305 2044 eese3
338 1965 467 2027 manime
489 1983 559 2026 vero
582 1965 729 2027 rationem
751 1967 949 2046 syntecticam
972 1978 1128 2048 poetarum
1151 1968 1306 2029 imitantes
1328 1967 1497 2048 posteriu-⁴

226 2089 272 2131 ree
295 2089 313 2131 a
336 2074 466 2129 veterum
491 2064 628 2146 loquendi
649 2085 755 2145 genere
776 2064 970 2130 deflexerunt.
1000 2065 1101 2137 Quid?
1122 2068 1259 2130 ilianum
1276 2067 1388 2129 leviora
1402 2087 1472 2129 cen-

225 2188 286 2242 aea,
319 2166 397 2251 quod
431 2165 611 2246 eloquentie,
646 2185 712 2247 quae
733 2175 823 2231 atate
851 2167 1000 2230 Ciceronis
1022 2167 1106 2249 quasi
1130 2169 1231 2230 nutrix
1253 2187 1334 2248 purae
1357 2178 1389 2230 et
1410 2169 1472 2228 ele-

225 2260 327 2351 gantis
349 2264 494 2332 orationis
517 2267 627 2338 fuerat,
649 2267 799 2328 obmutuit
820 2277 851 2329 et
872 2269 902 2330 in
924 2268 1048 2330 exitium
1070 2268 1150 2329 ruit‘l
1184 2269 1288 2349 Neque
1311 2269 1389 2330 enim
1412 2269 1472 2329 ullo

226 2372 313 2433 modo
334 2368 398 2432 lieri
419 2367 527 2446 potuit,
550 2366 629 2447 quin,
651 2384 741 2448 quum
764 2368 827 2429 loro
848 2368 972 2431 detrusa
992 2368 1021 2429 in
1044 2368 1194 2430 rhetorum
1217 2369 1391 2430 umbracula
1409 2382 1472 2431 tra·

225 2472 315 2534 ducta
340 2479 432 2543 esset,
461 2467 523 2540 nbi,
545 2486 634 2548 quum
657 2468 687 2529 in
710 2468 807 2530 causis
829 2468 906 2531 lictis
928 2479 1108 2542 versaretur,
1130 2469 1230 2530 omnia
1251 2468 1320 2543 arti,
1357 2480 1472 2532 naturae

225 2572 297 2634 nihil
320 2569 517 2640 tribuebatur,
545 2569 680 2631 umbram
705 2570 792 2630 modo
813 2578 844 2630 et
864 2569 993 2650 speciem
1016 2569 1151 2650 pristinae
1173 2569 1377 2649 amplitudinis
1399 2571 1472 2631 reti-

225 2683 315 2735 neret.
348 2670 541 2750 Quapropter
566 2668 707 2750 quoniam
730 2681 874 2743 oratores,
896 2671 1143 2751 quemadmodum
1165 2669 1195 2730 in
1219 2669 1307 2730 rebus
1329 2669 1368 2730 ab
1392 2671 1471 2732 omni

225 2774 353 2836 veritate
385 2770 507 2833 remotis
535 2769 637 2832 studia
659 2769 811 2832 bominum
834 2773 1001 2833 excitarent
1024 2789 1179 2850 roremque
1203 2771 1318 2830 animos
1340 2789 1471 2850 oocupa-

223 2884 271 2936 toa
292 2881 438 2943 tenerent,
461 2870 645 2943 nesciebant,
669 2872 769 2946 verba,
792 2889 849 2931 non
874 2891 920 2933 res
942 2882 1137 2952 sequerentur
1151 2888 1270 2932 necesse
1288 2882 1363 2933 erat.
1383 2873 1470 2934 ‘lude

224 2974 381 3054 aucupium
403 2970 476 3033 illud
500 2970 656 3031 verborum
678 2972 846 3032 sonantium
869 2981 900 3032 et
922 2991 1074 3045 novorum,
1108 2972 1176 3033 inde
1198 2971 1380 3051 argutiarum
1403 2984 1470 3034 stu·

223 3075 303 3136 dium
334 3085 365 3135 et
398 3069 523 3135 audacia
556 3069 798 3143 translationum,
830 3071 904 3140 inde¹
926 3074 1063 3152 frequens
1090 3092 1159 3135 usus
1182 3073 1311 3134 locorum
1335 3093 1469 3134 commu-

225 3175 314 3247 nium,
346 3172 452 3254 quibus
484 3170 603 3231 utendis
634 3170 751 3231 animos
784 3172 989 3251 praestringere
1016 3183 1047 3232 et
1074 3173 1158 3253 quasi
1188 3173 1275 3235 lerire
1297 3174 1467 3234 studebant.

222 3277 270 3340 Ite
291 3294 345 3357 pro
368 3292 444 3354 pura
465 3280 496 3332 et
518 3271 689 3350 incorrupta
711 3271 923 3332 consuetudine
945 3272 1072 3344 dicendi,
1093 3291 1158 3353 quae
1175 3259 1369 3335 ¹nureaaetate
1385 3271 1467 3352 vige·

224 3378 286 3450 bet,
321 3373 482 3437 artificiosa
513 3371 650 3452 quaedam
684 3385 714 3431 et
747 3385 856 3450 arguta
889 3385 919 3433 et
940 3373 1024 3454 quasi
1047 3385 1183 3435 contorta
1207 3373 1302 3435 oratio
1324 3386 1390 3434 orta
1411 3382 1465 3433 est.

223 3476 264 3539 m
288 3476 429 3558 quoniam
453 3473 595 3554 plerique,
616 3471 665 3552 qui
687 3491 719 3532 se
743 3473 781 3533 sd
802 3472 990 3535 scribendum
1003 3474 1232 3547 enutrimenta
1249 3491 1386 3554 perverso
1399 3472 1466 3534 rhe-

221 3587 319 3640 torum
342 3592 422 3638 more
444 3573 560 3655 abrepti
584 3573 769 3646 ferebantur,
790 3573 853 3634 fieri
876 3594 932 3635 non
957 3574 1065 3654 potuit,
1087 3576 1154 3655 quin
1177 3595 1242 3656 quaa
1263 3574 1403 3654 cujusque
1426 3573 1467 3636 rei

221 3689 321 3741 essem
349 3676 470 3756 propria
491 3672 744 3754 generedicendi
766 3672 1071 3758 corrlunderentur2)⁴
1113 3673 1193 3745 Quid
1215 3675 1316 3737 dicam
1338 3675 1374 3736 de
1395 3693 1469 3737 con·

220 3778 377 3841 suetudine
409 3775 629 3846 recitationum,
662 3793 727 3855 quae
760 3784 824 3836 tum
857 3774 976 3854 vigebat
1008 3785 1039 3837 et
1064 3776 1094 3836 in
1116 3776 1291 3838 immensum
1314 3776 1467 3855 serpebat,

220 3898 318 3941 nonne
339 3875 497 3960 plurimum
519 3874 557 3936 ad
580 3874 708 3954 linquam
731 3875 767 3935 L.
782 3875 999 3956 inquinandam
1023 3876 1132 3950 valuit,
1155 3876 1262 3957 quippe
1285 3876 1392 3956 quibus
1407 3896 1465 3938 nou

218 3989 280 4043 tarn
309 3981 339 4042 id
360 3985 559 4058 spectaretur,
591 3983 625 4035 ut
647 3992 712 4055 qum
733 3974 763 4036 iu
786 3976 905 4054 scriptis
928 3985 1031 4038 essent
1054 3977 1161 4038 vitiosa
1183 3975 1405 4054 corrigerentur
1427 4010 1466 4021 -

218 4080 247 4142 id
280 4081 357 4162 quod
385 4078 422 4140 iis
449 4095 541 4138 aurea
566 4085 658 4136 etate
684 4076 867 4156 propositum
889 4086 956 4138 erat
980 4112 1014 4124 -
1039 4095 1127 4157 quam
1143 4086 1183 4138 :nt
1203 4075 1364 4154 scriptores
1386 4077 1465 4156 apud

217 4182 381 4262 quamlibet
402 4194 541 4240 somnam
565 4194 701 4255 maguam
723 4176 781 4238 sibi
804 4177 920 4238 leudem
942 4176 1172 4257 compararent?
1204 4176 1277 4238 Alia
1299 4195 1390 4237 causa
1412 4177 1469 4239 de-

217 4281 401 4361 pravationis
423 4276 571 4341 sermonis
592 4276 662 4337 inde
683 4277 847 4358 repetenda
858 4288 915 4352 est,
930 4279 1007 4358 quod
1023 4287 1054 4341 et
1069 4277 1229 4340 multitudo
1244 4277 1464 4356 peregrinorum

259 4489 285 4567 ¹)
306 4496 458 4570 Renhardy
481 4498 552 4554 220.
580 4494 654 4552 Diei.
676 4494 711 4549 de
733 4511 771 4552 or.
794 4497 844 4551 20.

259 4574 286 4656 ²)
306 4583 458 4656 munem
479 4585 552 4641 aas.
