3592 5400
1408 395 1450 460 39

240 595 304 641 aon
335 575 534 656 perennavit.
577 575 671 640 Hanc
703 595 811 638 vocem
845 576 949 639 nescio
982 594 1021 638 au
1055 595 1155 649 nemo,
1178 576 1328 662 Suetonio
1351 587 1492 662 excepto,

240 678 447 760 usurpaverit,
471 695 540 738 naor
564 696 645 738 nuuc
668 676 782 759 legitur
803 697 976 758 perennare
1007 679 1090 757 apud
1114 680 1254 740 Macrob.
1278 679 1364 763 (Sat.
1389 682 1415 741 l.
1441 682 1490 744 12.

240 775 285 859 6).
330 775 491 840 Porci-uilis
521 794 623 840 sermo
656 778 692 839 Τ.
717 778 768 841 28.
813 775 998 840 Percarrera
1019 779 1153 842 honores
1173 779 1215 840 N.
1238 781 1267 841 3.
1292 782 1328 843 Τ.
1352 781 1383 845 9.
1406 782 1490 844 Ρ116.

240 881 350 942 minor.
396 877 530 941 Perdere
562 879 602 942 N.
636 881 676 939 30
709 879 873 960 pecuniam
906 879 927 940 i.
953 898 979 940 e.
1010 881 1210 960 profundere,
1232 881 1328 962 Prop.
1352 884 1381 945 2.
1406 883 1435 944 6.
1458 882 1490 946 8.

241 981 314 1042 Ter.
338 979 400 1041 Ad.
428 979 456 1042 l.
479 981 509 1042 2.
533 978 585 1040 64.
630 977 816 1042 Pardumure
838 981 874 1044 Τ.
903 978 948 1042 16.
972 981 1036 1042 Tit.
1060 979 1089 1054 6,
1112 999 1176 1044 vox
1198 982 1352 1057 Ciceroni,
1375 981 1491 1048 cesari

240 1097 301 1142 non
336 1080 464 1142 usitata.
509 1077 662 1156 Perdere,
684 1081 790 1144 Plaut.
824 1082 950 1152 Terent.
986 1079 1080 1147 Ovio.
1108 1081 1192 1144 Stat.
1216 1083 1314 1144 Theb.
1338 1082 1424 1146 Suet.
1449 1086 1488 1148 N.

241 1181 282 1245 24
305 1199 397 1262 quum
421 1181 587 1261 perdurare
611 1200 670 1244 non
694 1189 812 1262 posset,
835 1181 959 1244 destitit
980 1190 1052 1244 aute
1077 1182 1248 1245 decursum.
1292 1181 1491 1270 Persusora'as

239 1281 334 1347 Dum.
368 1279 388 1342 8
425 1281 608 1362 perfusoria
642 1283 845 1344 assertiones.
890 1281 1011 1344 Seneca
1033 1282 1129 1346 habet
1151 1285 1357 1364 perfusoriam
1382 1285 1491 1366 volup-

239 1389 346 1444 16166.
392 1379 525 1465 Perpula
558 1381 600 1446 A.
635 1379 686 1447 94.
721 1381 778 1445 Gr.
806 1382 843 1444 18
865 1381 1043 1468 (ὕπερῴον)
1066 1392 1115 1449 661
1136 1377 1325 1448 ”tabulatum
1349 1386 1429 1467 quod
1453 1405 1491 1448 ex

239 1483 355 1546 adibus
389 1477 562 1562 prominet”
593 1483 675 1546 Plio.
711 1483 820 1563 major.
854 1485 966 1548 Juven.
1005 1484 1052 1546 ll.
1088 1481 1157 1546 137.
1211 1483 1386 1548 Pericliture'
1407 1486 1489 1566 apud

238 1584 302 1648 Cic.
337 1584 508 1646 transitiva
542 1584 572 1644 vi
607 1584 777 1659 invenitur,
805 1585 888 1668 apud
912 1585 1000 1650 Suet.
1025 1584 1241 1660 intransitiva,
1264 1593 1297 1648 ut
1319 1587 1399 1648 idem
1425 1588 1490 1648 fere

237 1685 281 1746 sit
313 1685 413 1766 qood:
447 1685 477 1746 in
512 1685 651 1765 periculo
686 1705 753 1751 esse
777 1687 813 1748 Τ.
837 1688 873 1746 21
901 1686 939 1748 de
961 1705 1083 1748 summa
1104 1685 1227 1766 imperii
1250 1685 1381 1768 populus
1404 1686 1491 1768 peri·

237 1786 375 1848 clitatus.
422 1785 528 1848 Ouarar
563 1787 600 1848 B.
637 1784 677 1848 G.
700 1786 730 1849 6.
755 1787 794 1848 33
817 1795 851 1849 61
873 1786 940 1849 vita
962 1785 1207 1868 periclitaretur.
1231 1786 1352 1850 Celeus.
1397 1787 1489 1850 Peri·

236 1886 364 1950 olitatus
397 1887 526 1967 passiva
557 1887 588 1947 vi
622 1887 758 1968 positum
783 1896 832 1950 est
859 1887 907 1951 (11.
931 1889 970 1949 32
993 1886 1203 1968 periclitatum
1226 1888 1393 1969 quendam.
1439 1889 1490 1950 Ita

237 1988 346 2056 Cicero
379 1987 507 2071 (Laelius
545 1983 591 2052 17.
618 1987 674 2070 63)
708 1988 846 2050 moribus
869 1987 1037 2052 amicorum
1062 1987 1258 2069 periclitatis.
1302 1985 1490 2073 Pere'radiprre

237 2089 318 2152 ferre
351 2089 388 2151 T.
418 2088 467 2150 50.
512 2086 704 2173 Pariasumis
732 2089 780 2150 vir
801 2089 871 2152 Vit.
894 2091 923 2150 2.
947 2089 1033 2170 App.
1059 2097 1130 2152 met.
1175 2086 1294 2151 Parilia
1317 2090 1488 2152 futurorum

237 2190 273 2254 T.
297 2188 337 2252 67
370 2207 427 2271 pro
449 2189 582 2252 scientia
605 2189 687 2254 Plin.
712 2189 827 2269 Major.
852 2188 962 2260 untur.
987 2189 1063 2254 Sall.
1108 2188 1310 2252 Permodr'cus
1331 2189 1372 2252 A.
1396 2188 1425 2251 6.
1450 2192 1487 2254 Τ.

236 2287 267 2352 7.
312 2289 460 2354 Paresaca
493 2309 561 2352 esse
593 2319 626 2344 τε
659 2290 763 2356 odisse
792 2291 828 2355 Τ.
852 2290 889 2353 21
916 2289 943 2352 si
966 2310 1025 2354 non
1049 2290 1196 2372 populum
1218 2291 1257 2352 R.
1282 2291 1385 2372 perosi
1407 2298 1489 2364 suut,

236 2393 334 2473 Vesp.
368 2391 398 2452 4.
432 2391 553 2458 Livius.
589 2391 705 2457 Justin.
739 2390 812 2453 Vel.
846 2392 934 2455 Max.
969 2389 1079 2462 Quint.
1113 2391 1188 2454 Tac.
1214 2389 1487 2454 0616166666.

237 2490 419 2575 Perpetem-a
449 2521 481 2546 =
514 2491 663 2572 perficere
697 2491 811 2556 bellurn
845 2489 914 2555 (161.
948 2489 999 2554 46.
1033 2491 1136 2554 Ρ1661.
1168 2491 1240 2554 Liv.
1273 2491 1388 2556 Justin.
1412 2492 1487 2554 Tac.

235 2591 407 2677 Perropare
440 2611 459 2653 6
492 2593 591 2672 primo
625 2592 664 2654 ad
698 2592 841 2654 ultimum
876 2611 984 2674 rogare
1017 2590 1059 2654 A.
1093 2591 1143 2653 35.
1177 2591 1249 2654 Liv.
1275 2591 1486 2655 Posteriores.

235 2692 401 2760 Pereaeete
433 2693 473 2756 N.
503 2693 553 2754 36.
578 2692 642 2754 Τί1.
668 2693 716 2754 10.
740 2694 866 2754 Terent.
921 2689 1086 2754 Persedere
1117 2692 1139 2754 i.
1164 2711 1194 2774 q.
1218 2711 1314 2773 usque
1337 2692 1376 2752 ad
1398 2693 1488 2756 fineru

238 2793 347 2856 sedere
370 2793 417 2856 (11.
441 2792 492 2854 34.
537 2790 692 2856 Peraenec·
714 2791 772 2858 Gr.
794 2791 824 2854 9.
869 2789 1154 2855 PeraeoerunterA.
1172 2789 1222 2853 62.
1238 2792 1359 2865 Livius,
1374 2793 1489 2856 Poste-

236 2894 344 2956 riores.
390 2891 586 2975 Perspeetore
607 2921 639 2946 ==
663 2911 757 2974 usque
780 2892 820 2953 ad
844 2893 935 2954 tinem
959 2902 1103 2973 spectare
1124 2892 1166 2955 A.
1191 2889 1489 2958 98.1)661.4Ρ166-

237 3004 297 3056 tus.
342 2991 556 3076 Perfspeculuri
575 3021 609 3045 =
631 2992 798 3074 diligenter
807 2992 962 3074 speculari
976 2991 1010 3056 (1.
1024 2992 1065 3054 68
1089 2993 1169 3056 Ρ116.
1183 2993 1294 3073 maj0r.
1328 2992 1485 3056 Per-tradat.

242 3095 321 3160 Vide
345 3113 412 3176 quae
436 3094 472 3154 de
497 3092 674 3174 participiis
697 3093 866 3175 disputavi.
911 3091 1075 3156 Persuasit>
1096 3095 1180 3174 apud
1203 3094 1383 3172 Ciceronem
1401 3095 1488 3178 (lov.
1598 3149 1607 3160 ,

239 3198 265 3257 1.
289 3194 324 3278 6)
347 3203 380 3258 et
412 3193 573 3258 Justinum
607 3193 673 3280 (34.
697 3196 730 3273 4)
754 3187 808 3256 ”ad
832 3194 1061 3274 persuasionem
1086 3188 1244 3256 difficilia
1266 3194 1401 3256 activam
1426 3195 1488 3258 rim

236 3297 347 3361 habet:
382 3295 466 3376 apud
495 3295 582 3358 Suet.
607 3295 717 3366 Quint.
741 3295 904 3368 Senecam,
927 3294 1007 3357 alios
1031 3295 1093 3356 vim
1116 3295 1275 3375 passivam
1299 3292 1488 3359 1116766-

237 3408 332 3460 terem
366 3397 404 3458 de
426 3416 467 3468 se,
484 3396 717 3476 persuasionem
739 3405 880 3468 auxerat,
923 3398 959 3458 T.
983 3393 1023 3458 69
1046 3395 1153 3475 plenus
1176 3396 1389 3476 persuasionis
1412 3415 1488 3460 cun-

235 3505 287 3562 cta
315 3500 381 3560 1616
416 3496 478 3578 agi.
523 3494 705 3560 Pertendere
741 3495 776 3560 (1.
800 3498 831 3562 4.
867 3491 978 3560 Τ.’72.
1014 3495 1050 3558 (1.
1073 3496 1124 3557 32.
1168 3497 1411 3573 Partenditad
1440 3498 1488 3560 al-

235 3607 333 3666 teram
368 3598 469 3678 ripam
503 3597 575 3674 Liv.
624 3595 815 3660 Pertundere
847 3597 888 3660 N.
915 3593 962 3661 17.
987 3598 1092 3658 Varro
1114 3597 1218 3660 Plant.
1243 3596 1363 3660 (16166.
1406 3596 1488 3660 Per·

234 3720 340 3782 serpere
374 3700 411 3762 Τ.
446 3698 496 3761 26.
542 3696 744 3781 Percipilc'um
776 3693 913 3782 (sacrum
940 3697 1141 3780 nocturnum)
1174 3697 1311 3760 indicere
1344 3697 1485 3762 06164.

236 3797 340 3864 Galba
360 3799 392 3861 4.
414 3797 487 3861 Liv.
512 3799 719 3862 Posteriores.
763 3796 879 3862 Petitur
906 3799 989 3879 apud
1002 3798 1134 3878 optimos
1147 3797 1253 3878 script.
1267 3797 1426 3862 dicebatur
1438 3799 1486 3880 (in

232 3899 362 3980 judiciis
395 3895 546 3982 privatis)
580 3899 607 3961 is
641 3900 692 3982 qui
720 3899 933 3961 adversarium
957 3897 1056 3978 injus
1079 3897 1227 3971 vocabat,
1248 3899 1332 3980 apud
1355 3899 1485 3962 Sueten.

236 4001 350 4064 dicitur
382 4019 439 4081 pro
474 3999 644 4062 candidato
678 3999 714 4063 (1.
749 3999 789 4064 23
823 4019 838 4060 6
871 3999 1060 4082 petitoribus
1092 4017 1152 4060 uon
1179 3998 1260 4062 alios
1283 3997 1431 4076 adjuvare
1445 3997 1485 4081 ¹).

231 4099 405 4184 Pipnerare
438 4099 459 4160 i.
483 4119 513 4182 q.
539 4119 593 4182 pro
616 4100 744 4182 pignore
768 4101 843 4163 dare
865 4101 933 4163 vir.
956 4093 976 4162 7
999 4099 1142 4162 unionem
1165 4099 1205 4160 ad
1228 4098 1403 4178 impensas;
1424 4099 1485 4162 Ju-

284 4281 312 4348 ¹)
343 4282 373 4338 Si
400 4284 515 4341 Krebsio
548 4286 657 4342 eradere
680 4287 755 4352 licet,
778 4302 859 4342 nemo
879 4285 1006 4356 scriptor,
1027 4287 1146 4355 excepto
1167 4282 1306 4349 Suetonio,
1329 4283 1359 4337 h.
1380 4284 1485 4354 signifi·

235 4370 374 4425 sationem
407 4371 472 4426 huic
500 4373 562 4429 voci
594 4373 720 4444 subjecit.
765 4373 835 4428 Vide
867 4375 963 4428 tamen
989 4389 1050 4442 qua
1072 4370 1191 4442 Georges
1211 4369 1241 4424 in
1263 4370 1352 4426 lexico
1371 4385 1422 4425 suo
1443 4371 1485 4426 di-

235 4457 287 4511 eit:
322 4456 426 4526 petitor
453 4488 486 4497 -
516 4460 568 4526 ll)
590 4459 674 4514 inab:
698 4460 736 4528 A)
758 4459 800 4514 als
822 4459 899 4530 publ.
921 4462 944 4515 t.
967 4462 989 4515 t.
1012 4461 1060 4514 der
1082 4457 1301 4512 Amtsbewerber
1323 4454 1378 4511 uis.
1401 4475 1429 4512 u.
1451 4459 1483 4514 A

240 4561 274 4582 -.
299 4542 423 4598 Klotsius
443 4545 524 4600 atlbrt
546 4545 596 4602 hos
616 4546 704 4602 locos:
729 4545 821 4616 Scipio
847 4546 907 4602 Alr.
931 4547 1009 4602 Aem.
1032 4545 1107 4616 apud
1128 4543 1302 4598 Macrobium
1324 4545 1353 4598 3.
1381 4543 1429 4599 14.
1453 4546 1483 4600 7.

236 4630 300 4688 166.
324 4629 391 4684 Hor.
415 4629 445 4685 (1.
470 4633 498 4687 3.
525 4634 552 4688 l.
578 4633 626 4688 11.
