3300 5196
1306 275 1345 347 51

135 453 213 524 ravit
228 453 268 542 ¹).
312 445 479 541 Slipulotoe
511 480 543 506 =
576 449 645 536 ”qui
679 446 905 534 promissionem
938 449 1071 516 solvendi
1104 453 1172 519 reris
1205 454 1296 520 alieni
1322 461 1388 528 erri-

134 571 209 643 gont
238 561 277 622 ab
305 552 423 639 aliqud’
445 556 507 619 BC.
530 555 594 617 Vit.
622 556 666 616 14.
689 556 755 634 Dig.
807 551 916 616 Streno
939 559 1004 617 erat
1027 576 1141 632 munus,
1168 558 1309 623 Calendis
1330 563 1389 624 Ja-

139 660 253 724 ouariis
275 660 344 720 boui
368 657 474 719 ominis
497 657 717 727 causadaturu‚
741 650 841 716 Abi.
865 655 901 716 T.
917 654 966 716 34.
989 655 1053 718 Cal.
1068 659 1118 719 42.
1141 659 1280 723 Plautus.
1294 659 1389 724 'dro-

135 763 206 825 darc
227 760 363 823 absolute
386 758 516 838 positum
539 776 592 836 pro
616 756 710 818 literis
732 746 865 828 studere,
886 775 919 816 se
940 756 1022 828 dare,
1049 757 1182 821 deditum
1207 740 1282 833 esse,
1315 783 1389 843 ope-

138 883 201 925 ram
235 863 306 921 dare
339 858 426 920 simil.
449 877 508 918 uno
542 857 606 918 loco
634 856 713 937 apud
736 855 911 919 Suetonium
930 845 981 916 'est
1002 857 1037 918 T.
1059 856 1097 919 61
1122 860 1300 940 quibusdam
1323 874 1390 924 stu-

140 960 229 1024 dendi
251 959 391 1022 solatium
414 959 596 1038 ademptum.
629 957 817 1019 Posteriores
838 955 1000 1036 saepissime
1020 958 1065 1019 ita
1086 958 1176 1022 locuti
1198 970 1278 1023 suut.
1317 960 1390 1025 Stu-

11 1124 14 1129 ,
136 1071 245 1147 prator
266 1061 353 1122 Doro.
375 1058 405 1120 8.
429 1057 533 1128 Quint.
557 1059 685 1120 Seneca.
733 1054 895 1120 soootlere
916 1050 1117 1150 (incaluere)
1140 1061 1267 1152 Plautus
1289 1063 1327 1126 N.
1350 1064 1391 1125 20

76 1229 79 1233 ,
138 1163 164 1226 si
187 1162 306 1243 paulum
329 1154 562 1238 subbi'bisset2).
601 1155 771 1220 Subdebiio's
793 1177 825 1216 -e
849 1159 943 1220 feruor
964 1156 1094 1235 111117,
1115 1181 1185 1223 rara
1208 1182 1276 1224 vox.
1313 1161 1391 1247 Sub-

134 1246 230 1347 pierre
261 1260 437 1342 simpliciter
471 1259 599 1339 positum
633 1279 687 1339 pro
721 1259 827 1330 hastae,
859 1259 1003 1337 praeoonis
1037 1261 1102 1323 voci
1129 1263 1218 1326 simil.
1245 1263 1392 1343 subjicere

141 1363 208 1428 (lai.
227 1362 267 1424 38
289 1362 429 1444 reliquias
452 1361 580 1439 subjecit
603 1369 634 1422 et
663 1358 831 1420 venditavit
853 1359 913 1420 Tit.
935 1359 964 1421 8.
1019 1357 1188 1425 Subuomre
1210 1383 1264 1444 pro
1287 1376 1391 1427 notare

141 1465 207 1528 Cal.
229 1465 267 1527 41
303 1463 421 1525 nomina
456 1460 534 1522 Plin.
559 1461 662 1522 minor.
716 1457 927 1539 Subscriupere
954 1460 1049 1523 fascia
1077 1481 1195 1525 caruem
1219 1463 1320 1545 Galba
1341 1467 1392 1528 21.

141 1563 303 1628 subiecere
326 1582 378 1642 pro
400 1561 510 1622 addere
533 1561 573 1623 A.
596 1559 646 1623 94.
690 1561 731 1622 Ε1
753 1560 892 1642 quoniam
915 1560 953 1621 ad
976 1560 1040 1624 haec
1063 1572 1266 1651 venturnxest
1295 1585 1351 1629 non
1370 1585 1393 1650 a

144 1686 176 1729 re
198 1665 289 1728 luerit
311 1663 469 1724 subtexere
492 1681 564 1742 quae.
602 1662 703 1723 Poetae
724 1659 885 1722 Posterior.
913 1739 915 1745 Ι
939 1646 1128 1724 sutri-otoo
1142 1684 1196 1744 pro
1218 1685 1250 1726 sc
1270 1667 1393 1728 subtra-

143 1766 213 1828 here
235 1764 270 1828 0.
282 1762 321 1826 65
343 1762 475 1825 interdiu
494 1762 538 1822 vel
556 1773 645 1824 noctu
664 1772 784 1842 repente
795 1759 994 1824 subtrahebat
1002 1765 1031 1843 ³)
1043 1761 1092 1847 (=
1100 1747 1394 1853 discedebathliuii

144 1867 258 1946 Paneg.
280 1863 330 1928 86.
353 1865 382 1924 2.
435 1859 586 1925 Sabarcae
619 1881 707 1925 crura
740 1880 812 1923 nuce
844 1860 963 1922 ardenti
995 1863 1035 1925 A.
1058 1862 1108 1939 68,
1141 1884 1200 1927 vox
1232 1866 1394 1950 rarissimu.

145 1965 330 2038 sabvertere,
352 1982 440 2044 quam
465 1982 568 2025 vocem
591 1961 694 2024 Cicero
717 1973 748 2023 et
770 1960 883 2023 Ceasar
895 1963 1046 2042 aspernati
1062 1975 1143 2038 sunt,
1164 1965 1237 2028 trita
1252 1977 1300 2028 est
1315 1967 1394 2047 apud

79 2064 82 2070 ’
144 2077 249 2149 poetas
281 2076 312 2128 et
344 2064 524 2144 posteriores
557 2064 592 2125 Τ.
620 2065 664 2125 13.
688 2063 752 2125 Cal.
774 2061 815 2123 34
836 2061 910 2123 satis
932 2082 1020 2143 saepe.
1074 2062 1285 2141 succlamatio,
1306 2067 1394 2130 Livio

147 2169 261 2230 usitata
283 2184 352 2239 vox,
374 2164 413 2226 N.
436 2163 476 2225 24
497 2163 749 2226 succlamationes
772 2162 881 2243 populi.
925 2158 1094 2228 duccollore
1116 2148 1162 2226 est
1184 2166 1259 2229 collo
1281 2148 1396 2252 (cervi-

146 2266 245 2350 cibus)
277 2285 377 2347 gerere
410 2264 490 2326 Otho
513 2261 542 2326 6.
576 2263 622 2326 cl.
648 2265 693 2325 10.
717 2265 825 2326 Varro.
859 2253 1038 2325 'Sodomam
1065 2265 1103 2327 ad
1126 2285 1159 2327 os
1185 2267 1336 2349 applicare
1357 2269 1396 2330 N.

145 2368 195 2430 25.
217 2367 266 2428 48.
289 2365 338 2427 bl.
361 2366 465 2426 Poetae
487 2363 592 2434 Quint.
635 2362 786 2448 Suffectus
807 2357 1021 2447 (ὑπόπυκνος)
1043 2393 1076 2418 =
1098 2366 1201 2445 plenus
1224 2368 1264 2430 N.
1276 2369 1317 2428 20
1338 2367 1397 2429 ali·

147 2469 216 2551 quid
249 2487 281 2529 se
312 2466 425 2527 sufferti
458 2466 634 2527 tinniturum
656 2494 689 2517 =
711 2465 787 2544 quod
817 2483 904 2525 aures
932 2451 1062 2544 impleat.
1107 2462 1270 2556 Susfloous
1285 2449 1324 2529 A.
1346 2463 1396 2554 79.

147 2569 185 2632 Ν.
207 2568 256 2629 51.
310 2564 504 2650 Suffrapotor
533 2567 616 2646 apud
650 2565 778 2646 optimos
800 2564 964 2645 scriptores
985 2576 1051 2627 erat
1071 2566 1120 2644 qui
1142 2567 1319 2647 candidatos
1341 2587 1397 2628 sua

148 2670 245 2749 gratia
276 2669 305 2729 in
340 2667 535 2747 petitionibus
554 2666 693 2742 juvabat,
724 2664 804 2745 apud
827 2664 987 2744 scriptores
1010 2650 1160 2727 Caesarum
1184 2649 1285 2729 aetatis
1306 2648 1396 2729 etium

148 2772 184 2844 is,
205 2769 254 2851 qui
277 2768 411 2829 homiues
433 2766 597 2828 humilioris
619 2767 707 2826 sortis
730 2764 961 2843 imperatoribus
979 2766 1217 2828 commendabat.
1245 2749 1338 2848 Vesp.
1357 2768 1397 2828 23

149 2880 292 2952 quantam
326 2867 511 2950 (pecuniam)
545 2867 570 2927 is
603 2885 669 2928 curn
693 2855 1079 2946 suffragatore'pepigerat.
1120 2864 1279 2951 Sorffupcre
1300 2868 1335 2929 T.
1358 2863 1397 2931 27

148 2970 273 3051 aliquem
287 2969 327 3049 ⁴).
349 2969 470 3029 Lucret.
516 2963 702 3030 Subrnouere
722 2965 770 3050 (=
793 2965 870 3027 clam
894 2954 1027 3049 mouere)
1049 2967 1087 3028 A.
1105 2966 1146 3028 53
1174 2968 1253 3031 nullo
1275 2970 1397 3032 submo-

149 3081 239 3134 nente
262 3071 382 3132 Terent.
435 3062 596 3150 Superesse
617 3069 695 3148 apud
718 3066 845 3148 optimos
877 3066 897 3128 i
919 3087 944 3130 s.
966 3087 994 3149 q
1017 3067 1161 3151 reliquum
1189 3088 1263 3131 esse.
1306 3070 1397 3185 Apud

149 3168 326 3236 Suetonium
350 3187 408 3230 uno
431 3169 493 3231 loco
515 3168 577 3253 (cl.
593 3168 651 3252 21)
674 3167 763 3231 etiam
787 3176 948 3248 usurpatur
970 3187 1023 3249 pro
1045 3170 1251 3263 superstitem
1255 3191 1340 3246 esse,
1352 3190 1399 3233 vr·

150 3291 289 3335 vere—
322 3289 411 3350 quum
444 3280 633 3350 superessent
665 3269 763 3331 adhuc
795 3268 844 3349 qui
878 3263 1090 3362 spectaverant
1111 3270 1157 3332 cl.
1179 3272 1229 3344 21,
1262 3272 1400 3345 Plautus,

150 3371 219 3435 Liv.
233 3369 274 3454 ⁵‚)
306 3369 404 3432 Pollio
437 3370 517 3450 apud
550 3370 611 3432 Cic.
635 3372 720 3432 Fam.
747 3370 793 3430 10.
816 3368 864 3429 33.
887 3367 916 3429 5.
949 3356 1066 3432 Plinius
1098 3371 1202 3434 minor.
1236 3372 1400 3436 Rarissimo

150 3474 231 3555 apud
265 3471 440 3535 Suetonium
473 3468 529 3553 (A.
552 3470 639 3552 56)
632 3491 650 3532 ι.
673 3490 696 3531 s.
719 3491 747 3551 q.
770 3468 884 3542 adesse,
917 3489 1037 3533 causam
1070 3471 1230 3533 defendere
1265 3472 1401 3560 alicujus.

151 3570 371 3657 superpredior
403 3570 441 3632 A.
464 3568 504 3632 94
536 3571 659 3632 flarnrna
679 3589 869 3655 supergressa
899 3569 1048 3651 fastigium
1070 3573 1174 3654 templi
1195 3572 1242 3664 Cl.
1267 3573 1313 3636 14.
1335 3572 1399 3636 Cal.

152 3672 203 3750 46,
231 3692 290 3734 vox
317 3691 377 3751 arg.
399 3691 424 3732 ae
426 3671 509 3734 tatis.
564 3668 757 3755 Superiuduo
790 3670 830 3733 N.
853 3669 1073 3750 etpalatum,
1102 3674 1170 3736 Ter.
1212 3671 1400 3766 superjaceo

153 3774 218 3839 Cal.
244 3772 281 3836 19
304 3774 407 3835 Poetae
429 3772 547 3834 Poster.
590 3769 766 3857 9ιιριιιιεί.
789 3790 815 3852 q.
838 3770 1022 3865 desuperT.
1044 3771 1085 3835 39
1107 3793 1182 3837 sexa
1203 3758 1326 3837 iortuito
1347 3792 1400 3836 su·

153 3894 246 3957 perne
269 3873 394 3954 delapsa
415 3868 495 3948 sunt,
517 3864 604 3955 quarn
627 3892 728 3936 vocem
751 3880 906 3955 poetarum
929 3860 1033 3934 Livius
1049 3873 1161 3955 primus
1176 3875 1229 3936 sol.
1248 3893 1290 3935 or.
1305 3872 1417 3954 scrip-

159 4000 356 4011 ..-.-—----

203 4058 229 4129 ¹)
251 4058 320 4113 Brut
307 4060 352 4113 lus
376 4061 425 4113 45.
452 4059 510 4114 167
516 4100 522 4113 .
566 4059 654 4128 Hujus
687 4058 825 4113 orationes
857 4074 935 4128 paene
962 4046 1057 4116 Attico
1084 4060 1149 4116 stilo
1174 4059 1283 4127 scriptae
1306 4057 1388 4113 viden

154 4151 211 4212 tur,
234 4144 337 4199 ibidem
362 4146 411 4199 26.
439 4145 508 4201 100.
544 4144 644 4201 Orator
667 4146 717 4199 44.
744 4145 814 4198 150.
992 4160 994 4164 ·
1401 4168 1403 4173 ·

199 4223 227 4305 ²)
248 4230 410 4302 Proeposilio
431 4231 482 4285 sub
503 4232 533 4286 in
555 4231 699 4301 composit.
728 4231 819 4285 verbis
840 4247 911 4301 saepc
933 4231 1040 4302 aliquid
1063 4229 1160 4285 furtivi
1183 4231 1211 4283 ol
1234 4229 1399 4286 clandestini

154 4318 367 4474 ⁸¹8ilifiilaribhius
388 4404 486 4459 habet:
510 4420 538 4457 se
559 4402 763 4459 substrahobat.

199 4484 225 4561 ⁴)
246 4490 430 4548 intransitiva
451 4491 480 4546 vi
501 4490 576 4559 apud
597 4488 706 4546 Livium
729 4491 779 4544 24.
804 4491 853 4544 46.
878 4490 906 4544 4.

179 4573 224 4647 ·⁵)
246 4577 331 4633 Velut
357 4578 383 4630 1.
409 4578 458 4632 34.
483 4577 604 4631 Lucumo
625 4576 760 4647 superfuit
781 4577 865 4647 patri.
