3300 5196
272 383 294 446 4

230 576 295 622 rum
329 566 442 620 uaturae
474 557 503 619 in
532 556 615 618 libris
638 556 702 634 sJus
724 555 823 623 inesse
845 553 990 627 videatur,
1023 555 1102 634 quod
1124 554 1200 616 idem
1223 553 1282 615 dici
1305 553 1355 614 vix
1377 562 1479 635 potest

229 643 318 739 quani
340 678 359 719 a
383 656 518 720 Suetonii
544 655 709 723 elocutione
731 653 900 716 abhorreat.
943 653 1115 735 Numquam
1137 653 1215 720 enirn
1240 654 1352 716 lunrina
1374 664 1405 716 et
1427 673 1478 716 or-

230 768 371 825 namenta
393 757 549 818 verborum
571 763 748 837 aucupatur,
769 773 836 818 raro
858 755 950 817 verba
972 754 1114 817 audacius
1135 755 1290 826 transfert,
1311 773 1430 835 semper
1440 754 1479 817 ab

229 859 385 927 elaborata
407 857 458 919 illa
479 857 682 920 concinnitate
703 856 856 927 abhorret,
878 874 971 935 neque
992 855 1021 917 id
1044 854 1161 927 mirum,
1182 855 1209 915 si
1231 855 1349 936 quidem
1372 875 1477 917 cense-

230 959 282 1027 bat
314 956 401 1020 nullis
433 957 550 1019 omnino
584 956 745 1019 virtutibus
774 954 936 1017 orationem
959 955 1053 1035 tnagis
1075 955 1276 1018 commendari
1297 974 1385 1035 quarn
1408 974 1476 1036 per-

227 1057 387 1140 spicuitate
416 1068 452 1121 ¹et
484 1057 684 1138 simplicitate.
727 1057 832 1137 Neque
865 1073 935 1117 vero
958 1074 1016 1116 nou
1040 1074 1088 1116 res
1112 1055 1241 1118 breviter
1254 1053 1295 1139 ¹),
1328 1067 1478 1128 accurate,

227 1159 354 1229 dilucide
389 1158 537 1237 exposuit.
582 1155 701 1227 Quibus
737 1174 775 1217 ex
808 1156 895 1217 rebus
911 1155 1151 1227 ¹luculentissime
1173 1166 1299 1237 apparet
1322 1175 1415 1237 neque
1437 1156 1475 1218 ad

226 1259 305 1328 Liuii
328 1257 580 1339 magnificentiam
598 1268 629 1319 et
650 1256 766 1338 copiam
789 1255 970 1328 ascendisse,
993 1276 1084 1337 neque
1108 1257 1248 1319 varietati
1271 1266 1301 1318 et
1324 1256 1475 1334 majestati

225 1360 323 1433 Taciti
353 1358 510 1423 studuisse.
554 1358 675 1435 Etenim
709 1377 797 1438 quum
830 1356 880 1418 ille
911 1376 1027 1419 summa
1048 1356 1195 1436 elegantia
1219 1358 1423 1438 varietatequs
1445 1358 1474 1419 in

225 1459 447 1535 conformandis
468 1456 781 1539 comprehensionibus
804 1457 961 1519 verborum
985 1466 1127 1530 uteretur.
1148 1457 1197 1521 hio
1219 1477 1287 1520 vero
1310 1457 1475 1520 incredibili

122 1593 125 1599 ¹
225 1560 355 1644 quadam
387 1557 531 1621 orationis
563 1557 709 1621 brevitate
748 1557 867 1620 mirilioe
900 1558 1110 1631 delectaretur,
1148 1557 1312 1621 Suetonius
1345 1558 1472 1620 mediam

225 1659 374 1742 quandam
408 1658 486 1721 iuter
507 1669 662 1740 utrumque
685 1659 762 1721 vium
786 1657 917 1720 tenuisse
940 1658 1066 1720 videtur.
1109 1658 1216 1741 Neque
1238 1669 1338 1721 tanuen
1362 1640 1473 1724 Sueto·

225 1759 292 1824 nius
323 1759 353 1821 in
386 1758 487 1821 verbis
519 1759 634 1821 ambitu
666 1758 876 1822 concludendis
909 1758 1210 1839 precipuum-curam
1228 1759 1473 1841 ¹diligentiamque

225 1848 282 1931 nori
305 1858 457 1935 adhibuit3
479 1859 563 1922 velut
585 1860 620 1922 T.
635 1858 685 1923 62.
719 1857 816 1929 Quem
838 1878 904 1921 cum
928 1858 1031 1921 morbo
1053 1869 1084 1921 et
1105 1859 1339 1941 intemperantia
1360 1861 1474 1940 perisse

224 1957 453 2043 existimaret²)
475 1967 533 2022 oet.
578 1958 679 2040 Atque
712 1959 802 2022 etiam
832 1958 965 2021 brevitas
988 1960 1123 2040 quaedam
1147 1960 1176 2021 in
1199 1959 1318 2042 scriptis
1334 1961 1403 2039 ejus
1426 1960 1472 2021 in-

224 2060 340 2124 terdum
363 2060 443 2121 cerui
465 2060 544 2132 licet,
566 2079 623 2122 nou
646 2059 699 2123 illa
720 2059 847 2141 quidem,
869 2078 933 2140 quae
956 2060 1083 2122 fractam
1105 2060 1325 2139 quodammodo
1347 2071 1387 2125 et,
1400 2080 1473 2123 cou-

224 2160 316 2230 oisam
339 2159 429 2223 elficit
451 2160 625 2233 orationem,
645 2160 698 2224 sed
720 2180 765 2236 ea,
788 2179 854 2241 quar
874 2160 936 2222 suis
958 2159 1030 2222 locis
1052 2159 1199 2233 adhibita,
1233 2161 1291 2222 vim
1319 2170 1351 2224 et
1371 2161 1470 2242 gravi·

223 2271 317 2325 tatum
341 2261 468 2349 orationi
490 2260 584 2323 addit.
627 2260 691 2322 Nec
715 2280 783 2322 vero
806 2260 910 2322 dubito
932 2260 1013 2341 quin,
1041 2260 1068 2321 si
1089 2261 1155 2351 quie
1176 2261 1213 2322 de
1234 2280 1372 2325 sermone
1394 2262 1473 2325 Sue-

223 2361 298 2423 tonii
330 2362 444 2441 integre
471 2361 665 2440 judicaverit,¹
694 2361 783 2433 facile
806 2379 998 2423 concessurus
1018 2360 1071 2435 sit,
1103 2360 1280 2425 Suetonium
1304 2361 1332 2424 id
1355 2381 1473 2443 semper

222 2462 326 2543 egisse,
359 2481 395 2524 ne
429 2461 488 2523 ullo
511 2471 644 2525 uteretur
666 2463 755 2524 serbo
778 2462 834 2524 uisi
857 2462 934 2543 quod
959 2461 997 2523 ad
1020 2481 1080 2522 reru
1104 2461 1310 2524 illustrandum
1333 2462 1470 2535 idoneum

221 2572 309 2651 esset,
344 2580 468 2642 eumque
490 2580 508 2624 a
530 2573 681 2642 troporum
704 2562 958 2636 multitudines
991 2561 1063 2623 locis
1086 2562 1304 2636 communibus,
1332 2565 1373 2625 ab
1396 2563 1472 2636 arti-

154 2659 161 2670 '
221 2663 323 2734 dcioaa
355 2662 406 2724 illa
438 2663 682 2744 argutiarurnque
714 2664 805 2744 plena
837 2662 986 2736 erutione,
1019 2681 1079 2742 qua
1112 2661 1296 2725 laborabant
1328 2683 1389 2744 arg.
1422 2673 1471 2726 aet.

89 4816 191 4888 Q,

220 2763 391 2842 scriptores,
411 2782 443 2825 ss
464 2763 658 2829 abstinuisse.

746 2935 945 2952 -n—-n——u

231 3125 234 3131 ·
266 3111 275 3118 ’·
302 3096 436 3160 Primum
468 3096 559 3177 igitur
583 3117 620 3158 en
642 3098 734 3162 verba
757 3118 865 3180 easque
886 3098 1043 3161 verborum
1066 3097 1298 3175 significationes
1320 3109 1349 3158 et
1371 3108 1470 3160 struc-

220 3200 304 3288 tur'as
326 3215 497 3279 proponam,
529 3217 594 3279 qum
615 3218 635 3258 a
658 3210 790 3260 veterum
818 3199 1033 3261 consuetudine
1061 3199 1161 3260 aliena
1187 3208 1266 3261 sunt.
1310 3199 1386 3261 Haec
1407 3200 1470 3272 fere

219 3311 306 3362 sunt:
339 3290 494 3362 Abdiuure
527 3299 652 3381 aliquem
685 3297 734 3383 (=
756 3299 875 3381 ejicere)
897 3299 936 3362 A.
960 3298 1008 3362 65.
1032 3299 1067 3361 T.
1092 3298 1140 3371 15,
1162 3299 1271 3381 aliquid
1294 3298 1368 3362 Sall.
1391 3301 1470 3374 Lim,

219 3400 451 3484 reqmugistratu
472 3399 535 3463 Cic.
557 3399 625 3461 Lir.
640 3400 669 3463 4.
686 3400 735 3463 34.
752 3399 781 3472 5,
803 3400 946 3462 abdicare
969 3400 1108 3463 absolute
1131 3400 1259 3479 positum
1281 3399 1345 3463 Cic.
1368 3401 1408 3464 N.
1431 3402 1468 3464 D.

218 3502 248 3564 2.
269 3501 299 3564 4.
326 3501 370 3562 l·l.
424 3497 545 3563 Abesse.
588 3499 756 3563 Minimum
779 3502 869 3562 abest
891 3501 960 3582 quin
983 3500 1022 3563 A.
1050 3499 1098 3562 l4.·
1129 3499 1272 3563 Veteres:
1302 3501 1386 3577 nihil,
1410 3521 1467 3565 nou

218 3602 343 3664 multum
378 3601 465 3662 abest
497 3599 578 3683 quiri.
630 3598 845 3689 Adlrorrerffl)
879 3620 944 3663 oum
968 3621 1031 3664 acc.
1050 3602 1147 3680 juuot.
1170 3601 1210 3664 A.
1232 3600 1283 3663 83.
1318 3600 1418 3665 Galba
1438 3602 1468 3665 4.

218 3701 356 3775 mtto,
387 3700 465 3764 cin:
488 3719 507 3762 a
529 3721 568 3770 re.
601 3701 644 3762 ita
666 3701 705 3763 N.
726 3700 777 3763 43.
801 3702 889 3763 Dour.
912 3699 943 3774 9,
975 3701 1217 3783 impersonaliter
1245 3703 1374 3781 positum
1402 3703 1469 3765 Tib.

217 3801 266 3866 62.
288 3802 352 3866 (lul.
379 3802 425 3864 12.
448 3802 589 3864 abhorret
610 3821 628 3861 a
651 3820 730 3876 vero,
752 3822 770 3863 a
792 3801 929 3864 veritate.
973 3800 1103 3885 Abipere
1120 3821 1241 3864 uxorem
1264 3797 1379 3878 Tium
1399 3801 1468 3866 Ab·

216 3901 344 3987 liparim
364 3900 418 3964 Gr.
441 3903 492 3965 23.
515 3902 637 3964 Terent.
660 3901 753 3983 Apul.
797 3900 944 3964 Ablooure
967 3903 1030 3965 Vit.
1053 3897 1081 3965 7.
1123 3899 1353 3986 AbuepoeTib.
1370 3903 1400 3965 3.
1422 3903 1468 3966 Cl.

216 4003 266 4067 24.
289 4003 417 4066 Seneca.
440 4000 506 4075 Diu.
560 3999 706 4085 Abneptio
737 4002 777 4064 N.
798 4002 848 4064 35.
876 4003 943 4083 Dig.
998 4000 1138 4066 Adnuere
1170 4002 1219 4086 (=
1246 4002 1368 4083 negare)
1400 3991 1466 4066 cuin

217 4122 278 4166 soc.
312 4112 343 4164 et
374 4102 429 4166 inl.
449 4102 544 4182 juncta
566 4101 600 4164 0.
626 4100 673 4165 19.
706 4102 847 4165 Linul.
872 4104 919 4164 12.
972 4101 1109 4178 Abdere,
1142 4121 1210 4165 rou¹
1232 4101 1377 4164 Suetonio
1398 4103 1467 4166 Lir.

215 4201 287 4267 Seu.
311 4203 382 4266 Tac.
406 4202 534 4278 usitata,·
552 4202 630 4266 Clu:
652 4202 762 4278 delere,
788 4204 902 4266 tollere.
945 4201 1077 4267 Abolitio
1100 4204 1173 4284 legis
1195 4231 1227 4256 =
1249 4203 1407 4283 abrogatio
1427 4205 1467 4268 A.

264 4405 291 4476 ¹)
314 4395 618 4462 '’Suetoniofamiliare
640 4403 694 4458 fuit
716 4420 810 4459 amare
832 4400 1013 4460 brevitatem”
1035 4405 1147 4475 Vopicc.
1169 4404 1254 4458 Firm.
1280 4405 1306 4461 l.

259 4484 285 4562 ²)
306 4491 353 4547 cn
375 4496 509 4563 proterea
530 4489 589 4545 uer.
614 4491 642 4546 4.
668 4491 718 4564 re,
742 4490 817 4545 uero
843 4491 891 4556 rs,
916 4491 966 4557 rs,
991 4491 1042 4558 42,
1063 4491 1121 4547 vir.
1150 4489 1186 4544 rr
1211 4493 1263 4546 oeu.

246 4568 284 4650 ⁴)
305 4578 353 4634 Cir
374 4576 583 4651 Remipflccsc
606 4594 634 4647 p.
659 4577 731 4644 696,
748 4568 866 4649 ’ὓτωςθτ
888 4578 950 4636 Lai.
973 4577 1089 4650 Syubax.
1113 4595 1142 4647 p.
1167 4576 1238 4632 332.
1277 4587 1280 4592 ·
