3300 5196
302 317 343 407 aa

258 498 293 563 6.
316 498 335 559 6
368 497 524 561 tribunatu
537 493 567 580 ι)
601 494 749 557 militum
763 493 858 573 Vesp.
881 495 910 566 2,
940 492 978 555 Ν.
994 492 1035 554 34
1056 494 1291 573 peregrinatione
1311 493 1447 567 Grauia,
1469 494 1508 556 N.

257 597 299 662 46
321 607 456 660 votorum
478 596 698 677 nuncupatione
710 592 750 677 ²)
793 592 845 655 Ad
867 592 924 654 hoo
944 611 1036 672 genus
1059 593 1192 671 proxime
1215 593 1362 656 accedunt
1383 593 1509 657 ablativi

256 698 512 762 substantivorum
534 714 600 777 qum
619 705 692 757 suat
713 695 809 767 indue,
830 692 1047 773 spectaculum,
1070 694 1292 767 munuseimii,
1313 695 1397 773 eujus
1415 715 1508 773 gene·

258 800 299 860 ris
330 817 402 860 usus
424 797 504 877 apud
527 796 652 859 Sueten.
676 793 932 876 frequentissimus
953 803 999 855 eat
1019 792 1058 855 N.
1084 795 1116 855 li
1142 795 1328 857 circensibus
1351 795 1437 869 indie,
1469 794 1505 858 0.

260 899 300 962 39
321 893 443 975 Donni
466 897 544 961 ludis
565 925 597 949 ι·
619 915 707 976 quum
731 894 792 957 ludi
815 903 924 967 assent,
953 892 992 959 A.
1014 895 1064 967 43,
1086 893 1125 955 A.
1146 894 1187 956 45
1210 895 1287 956 iuriis
1301 906 1341 973 ‚et
1361 893 1515 978 saeua-³).

256 999 409 1063 Preterea
433 998 522 1079 digna
544 1016 609 1077 qua
632 997 820 1077 proferantur
841 996 904 1064 haen
926 994 1153 1075 examplasunt.
1186 996 1225 1058 N.
1238 996 1257 1057 3
1270 995 1300 1057 in
1314 995 1418 1058 diebus
1431 1016 1507 1077 pau·

256 1100 299 1162 eis
320 1128 353 1153 ==
376 1101 456 1162 intra
468 1097 510 1182 ⁴),
540 1097 645 1160 addita
667 1093 913 1179 enunciatioae4)
935 1095 970 1156 T.
993 1092 1034 1157 60
1055 1095 1084 1156 in
1095 1095 1214 1176 paucis
1234 1096 1339 1158 diebus
1361 1110 1449 1178 quam
1471 1112 1506 1150 2-

255 1200 357 1280 paoeie
390 1200 496 1279 diebus
528 1208 702 1279 postquam,
735 1197 770 1260 Ο.
792 1197 833 1258 36
855 1198 935 1258 intra
956 1195 1090 1277 quintum
1114 1214 1201 1277 quam
1224 1197 1350 1259 affuerat
1373 1198 1505 1260 dieru-
1471 1226 1505 1251 =

257 1302 384 1363 nondum
418 1299 535 1397 quantis
567 1299 696 1379 quinque
727 1297 832 1360 diebus
845 1297 887 1378 ⁵)
921 1296 966 1358 bis
998 1296 1045 1357 die
1072 1297 1140 1358 Ter.
1163 1296 1226 1360 vita
1248 1317 1307 1378 pro
1330 1297 1432 1361 bisin
1455 1300 1505 1361 die

253 1401 331 1484 qood
354 1375 496 1462 usitaitius
519 1397 614 1481 eset),
637 1399 682 1459 bis
705 1416 784 1459 auno
806 1396 845 1458 A.
866 1398 917 1460 31.

338 1518 383 1579 De
417 1515 550 1578 ablativo
582 1515 737 1595 temporis,
772 1514 822 1575 ubi
843 1512 1046 1576 accusativum
1070 1513 1309 1595 habeot;optini
1331 1515 1504 1595 scriptores,

256 1617 321 1679 vide
342 1615 555 1679 accusativum.
1366 1609 1369 1615 ’

336 1731 503 1794 Ablativus
525 1729 681 1793 absolutus
693 1729 723 1813 7)
744 1729 794 1812 qui
818 1737 942 1792 voeator
963 1727 1114 1791 nonnuliis
1137 1729 1209 1791 iocis
1224 1732 1310 1812 ¹apud
1326 1732 1503 1794 Suetonium

255 1832 346 1913 paulo
366 1831 545 1894 insolentius
566 1830 681 1912 positus
703 1840 771 1916 est,
790 1848 968 1912 quamquam
990 1831 1028 1891 ad
1053 1849 1154 1892 vocem
1177 1831 1326 1911 primaria
1347 1833 1504 1894 sententia

254 1934 391 2005 refertur,
424 1935 469 1993 eui
498 1931 574 1999 alins
597 1951 683 1995 oaaue
705 1931 882 2011 subjunctus
905 1922 1013 1992 eat'A.
1035 1929 1076 1992 66
1098 1931 1204 2011 cajum
1218 1941 1258 2003 ¹at
1279 1932 1406 1995 Luoium
1427 1934 1505 1995 arui·

254 2032 294 2095 eit
315 2033 428 2106 ambos,
450 2031 525 2112 Oajo
547 2032 576 2094 in
599 2031 821 2114 Lyoia,.Lueio
843 2030 985 2093 Massiiiae
1000 2030 1150 2093 defunctis
1171 2051 1224 2112 pro
1246 2032 1354 2112 cajum
1377 2068 1417 2079 -
1440 2033 1505 2096 Lu·

254 2133 330 2197 oium
354 2168 392 2178 -
408 2133 584 2208 defunctos,
616 2133 652 2196 0.
675 2134 715 2195 22
736 2141 865 2213 negante
886 2131 1012 2213 quodam
1035 2133 1240 2212 responderet,
1272 2134 1308 2197 Τ.
1331 2124 1375 2195 31'
1394 2124 1510 2196 iterum

255 2242 394 2296 censente
427 2231 498 2316 (pro
530 2233 670 2316 censens)
693 2268 731 2279 -
753 2233 888 2295 obtinere
911 2251 968 2293 uon
992 2231 1090 2310 potuit
1101 2232 1141 2313 31).
1192 2232 1389 2296 Inveniuntur
1410 2235 1501 2296 etiam

255 2334 333 2415 apud
356 2334 532 2398 Suetonium
554 2334 692 2414 exempta
712 2333 838 2397 ablativi
853 2330 993 2406 absoluti,
1015 2331 1066 2394 ubi
1081 2332 1248 2411 subjeetum
1262 2334 1405 2397 omissum
1417 2325 1505 2418 eet⁹)¹

256 2435 336 2497 velot
357 2434 402 2499 Ci.
427 2434 465 2497 15
487 2434 670 2509 absentibus,
702 2434 864 2497 seeundum
891 2441 1052 2514 praesentes
1082 2432 1223 2495 iaoillime
1244 2435 1391 2498 dabat:
1359 2434 1502 2516 *quum

254 2537 373 2617 quidam
397 2535 553 2599 abessent..
594 2536 748 2597 Interdum
772 2534 858 2598 iaoile
880 2527 1069 2613 subjeetum¹
1070 2525 1098 2617 ⁰)
1120 2534 1216 2597 audiri
1238 2545 1339 2616 potest
1361 2536 1444 2598 velut·
1463 2537 1502 2600 N.

254 2637 294 2698 23
312 2636 429 2716 judiees
452 2635 690 2698 reverentissime
710 2634 920 2716 alloquebatur
942 2645 1030 2714 atque
1053 2643 1085 2696 ut
1106 2637 1288 2697 auderet-
1311 2636 1502 2717 hortantibus

250 2735 336 2819 (audi
366 2734 545 2820 judicibus),
578 2735 671 2818 Vesp.
695 2736 725 2810 5,
753 2737 787 2800 O.
810 2735 840 2809 4,
867 2735 912 2798 Gi.
935 2734 976 2797 26
999 2754 1055 2795 uon
1080 2737 1205 2816 repertis
1233 2737 1282 2825 qui
1304 2748 1502 2827 sequerentur

249 2838 425 2917 exemplum.
464 2836 568 2926 *Talia
591 2837 730 2918 exempla
752 2836 832 2918 apud
855 2836 991 2898 Taciturn
1014 2844 1046 2897 et
1067 2834 1207 2916 aequaies,
1229 2848 1380 2917 praeeunte
1402 2838 1499 2911 Livio,

250 2937 419 3017 frequentia
440 2948 520 2998 eunt.

333 3055 437 3115 Monet
469 3053 570 3114 Bremi
583 3047 634 3136 ¹¹),
667 3053 843 3116 Suetonium
866 3071 946 3131 saepe
974 3053 1109 3115 adverbii
1138 3053 1201 3115 iano
1223 3055 1390 3133 ablativum
1412 3056 1501 3118 adhi-

250 3152 348 3216 buisse
371 3155 452 3215 velut
472 3153 635 3227 destinato,
660 3154 802 3216 festinato
823 3153 858 3216 0.
884 3151 930 3225 16,
958 3163 1104 3232 augurato
1125 3153 1165 3217 A.
1188 3155 1237 3230 30,
1260 3156 1366 3247 sortito
1389 3156 1428 3217 A.
1452 3152 1502 3233 72,

247 3265 369 3328 secreto,
391 3253 540 3328 consulto,
561 3254 649 3317 simii.

296 3503 322 3574 ¹)
343 3503 477 3561 Contra'
469 3526 499 3562 m
521 3508 612 3578 primo
635 3503 830 3562 consulatue.
855 3506 904 3571 54,
927 3505 959 3560 Τ.
985 3508 1033 3562 65.

292 3584 319 3662 3)
344 3587 408 3647 ”Die
429 3611 485 3663 quo
508 3599 576 3651 vota
597 3612 647 3665 pro
668 3593 760 3648 salute
782 3591 916 3662 principis
937 3588 1172 3663 suscipiebantur”
1196 3594 1309 3651 Ruhnk.

289 3670 317 3751 3)
342 3678 411 3733 Vide
443 3681 535 3736 Bremi
569 3681 605 3737 ad
637 3680 664 3738 6
690 3681 718 3734 2.
743 3680 793 3744 39,
827 3678 917 3733 Madv
943 3680 1012 3736 276.
1035 3697 1109 3735 anm.
1134 3681 1163 3737 2.
1210 3675 1330 3751 Elegaue
1363 3684 1500 3753 expositio

251 3765 391 3821 Kahnaati
413 3766 447 3822 de
470 3767 557 3824 ablat'
536 3770 595 3824 trvo
616 3766 750 3838 temporis
773 3769 815 3822 est
835 3783 863 3836 p
890 3767 948 3822 lvo
973 3766 1045 3836 (fin.)
1067 3785 1108 3837 sq.

289 3847 313 3921 ⁰)
337 3851 593 3909 commatre.
618 3857 647 3910 4.
680 3853 820 3909 R.·Haase
842 3855 900 3965 nob.
913 3852 984 3908 567.
1008 3856 1041 3908 A.
1055 3851 1125 3908 22
1117 3870 1147 3906 ιιι
1168 3851 1412 3915 muliebrevitore
1428 3859 1498 3912 tem

248 3939 446 4095 ‘Titii
456 4027 527 4082 aa
552 4026 610 4082 o*
1426 3978 1429 3983 ’

288 4106 314 4181 3)
337 4112 431 4169 Madv.
458 4115 495 4169 22
501 4116 527 4170 6
552 4115 580 4170 3
624 4111 858 4182 Ritseheiiump.
884 4113 957 4168 503.

291 4189 316 4267 3)
341 4200 435 4256 Madv.
460 4202 531 4258 277.

287 4279 312 4355 ⁰)
336 4288 426 4343 Deh.
449 4289 577 4360 exemplo
600 4286 661 4341 vide
685 4282 735 4340 Bu.
759 4303 787 4355 p.
812 4285 894 4351 838,
919 4285 1006 4340 Krebs
1033 4284 1059 4338 l
1088 4284 1155 4339 146.

288 4364 313 4441 3)
337 4374 499 4447 Nipperdey
522 4377 554 4432 T.
577 4373 650 4428 Anu.
679 4373 705 4427 l.
729 4372 779 4425 29.
964 4445 966 4449 Υ

289 4454 325 4529 ¹⁰)
348 4461 439 4517 Madv.
464 4465 534 4521 429.
559 4464 585 4518 2.
610 4460 721 4532 Drmger
742 4458 771 4514 Τ.
794 4475 820 4528 p.
846 4458 894 4512 71.
964 4470 966 4475 ’

291 4540 326 4619 ¹¹)
348 4548 391 4602 na
413 4548 440 4603 o.
466 4552 513 4605 eo.
