3300 5196
198 1345 325 1471 Quum
347 1412 449 1455 verum
472 1391 533 1467 sit,
555 1410 649 1454 mores
677 1399 708 1453 et
734 1390 906 1453 voluntates
932 1389 1162 1470 uniuscujusque
1190 1391 1290 1472 populi
1311 1394 1446 1475 effingere

196 1496 337 1576 lingnam,
360 1503 423 1555 tum
446 1492 526 1555 idern
548 1492 629 1554 haud
651 1491 713 1554 scio
734 1513 772 1554 an
797 1490 950 1555 verissime
967 1491 1002 1552 de
1015 1490 1115 1571 lingua
1128 1490 1240 1553 Latina
1261 1492 1318 1555 dici
1341 1495 1445 1574 possit.

194 1595 316 1660 Etenim
346 1604 381 1656 nt
413 1613 508 1656 mores
532 1592 632 1674 populi
654 1591 784 1654 Romani
805 1591 835 1654 in
859 1591 922 1653 dies
951 1591 1054 1671 magis
1075 1591 1320 1671 depravabantur
1341 1595 1447 1656 volun·

195 1705 335 1776 tatesque
368 1694 544 1757 commutari
577 1693 771 1774 incipiebant,
803 1693 846 1755 ita
878 1691 1009 1772 linguam
1032 1692 1140 1772 ipsam,
1173 1711 1262 1773 quum
1289 1713 1309 1755 a
1334 1695 1446 1758 rustico

193 1797 281 1859 initio
314 1796 353 1857 ad
385 1813 533 1856 summam
568 1794 753 1874 pervenisset
775 1794 999 1873 perfectionem,
1029 1792 1173 1872 paulatim
1196 1794 1333 1857 senuisse
1354 1805 1385 1857 et
1407 1797 1459 1860 ad.

195 1897 350 1960 interitum
372 1895 630 1976 appropinquasse
653 1894 752 1956 videre
774 1892 853 1955 licet.
890 1891 994 1963 Quare
1016 1892 1263 1974 quemadmodum
1280 1895 1327 1968 iis,
1348 1896 1375 1958 si
1396 1898 1446 1979 qni

188 1999 272 2060 'forte
305 1995 434 2076 linguam
467 1995 597 2076 aliquam
630 2014 808 2076 cognoscere
841 1994 942 2068 velint,
971 1993 1000 2056 in
1024 2014 1060 2056 ee
1080 1993 1144 2073 ejus
1166 1993 1318 2058 literarum
1340 2016 1458 2061 monu·.

196 2107 298 2160 menta
331 2097 502 2159 intrandum
537 2095 594 2158 erit
621 2105 652 2157 et
680 2095 925 2175 percensendunr,
959 2114 1024 2176 quae
1047 2113 1084 2156 ex
1105 2113 1141 2156 ea
1162 2103 1253 2157 aetate
1275 2108 1446 2172 manarunt,

196 2217 285 2280 quum
318 2197 492 2278 incorrupta
523 2196 667 2258 sermonis
688 2196 847 2278 integritas
870 2195 939 2268 luit,
961 2196 1004 2258 ita
1026 2193 1062 2270 is,
1094 2194 1144 2276 qui
1165 2194 1278 2258 Latine
1301 2198 1347 2259 vel
1370 2198 1447 2261 scire

195 2300 270 2361 bene
292 2299 339 2359 vel
362 2308 468 2360 ornate
490 2297 619 2359 scribere
642 2295 732 2372 volet,
758 2296 947 2378 potissimum
969 2316 1003 2359 se
1024 2296 1062 2357 ad
1086 2315 1153 2358 eum
1176 2297 1352 2378 scriptorem
1375 2318 1447 2361 con·

197 2409 312 2462 vertere
336 2398 456 2461 dedebit
477 2399 560 2460 etin
582 2398 645 2478 ejus
667 2397 787 2478 scriptis
809 2397 933 2471 versari,
956 2397 1006 2477 qui
1027 2414 1131 2458 omnes
1153 2397 1318 2477 scriptores
1329 2398 1447 2461 Rome·

196 2518 301 2562 norum
329 2507 361 2561 et
387 2499 498 2561 Latine
526 2498 651 2561 dicendo
674 2506 705 2560 et
726 2497 881 2560 scribendo
903 2498 1052 2576 eleganter
1074 2496 1180 2559 mirum
1203 2505 1350 2577 quantum
1373 2499 1448 2563 vicit

195 2610 227 2662 et
248 2600 402 2680 superavit
430 2635 470 2645 —
499 2599 674 2661 Ciceronem
698 2598 773 2671 dico,
796 2599 880 2677 cujus
903 2597 1049 2677 imprimis
1071 2615 1163 2677 opera
1185 2597 1297 2659 iactum
1321 2610 1381 2672 est,
1413 2608 1448 2663 ut

195 2701 295 2782 lingua
326 2701 440 2763 Latina
471 2699 657 2761 excoleretur
688 2706 719 2760 et
745 2698 987 2759 conformaretur.
1030 2697 1074 2759 Ut
1102 2706 1201 2759 antem
1224 2698 1317 2761 totius
1340 2698 1447 2780 linguae

196 2801 243 2862 vis
275 2821 311 2861 ac
346 2811 454 2862 natura
479 2808 561 2862 reete
589 2807 795 2878 cognoscatur,
828 2817 892 2879 qnae
921 2797 1077 2878 qualisque
1105 2799 1194 2860 luerit
1222 2797 1325 2878 lingua
1348 2800 1476 2866 direr-·¹

196 2900 237 2961 sis
258 2899 452 2978 temporibus,
485 2899 667 2980 investigare
699 2906 729 2960 et
759 2899 888 2961 scrutari
922 2917 1042 2960 necesse
1076 2898 1150 2973 erit;
1182 2898 1213 2960 id
1246 2899 1325 2980 quod
1358 2920 1446 2982 quum
1457 2940 1466 2978 ·.

197 3000 228 3060 in
259 2999 397 3060 omnibus
429 2999 572 3062 aetatibns
605 2999 711 3079 lingua·
743 3000 862 3062 Latinae
891 2998 982 3074 salet,
1007 3009 1071 3061 tum
1095 2999 1223 3062 maxime
1245 3000 1274 3060 in
1297 3000 1447 3083 iis,'ques

197 3098 283 3178 vulgo
314 3119 437 3162 auream
468 3110 499 3163 et
528 3110 702 3181 argenteam
736 3100 889 3181 appellere
920 3100 1059 3162 solemus.
1113 3099 1185 3162 Sive
1218 3101 1297 3162 enirn
1329 3103 1447 3183 singula

197 3200 355 3273 vocabula,
387 3201 451 3263 sive
482 3202 709 3282 grammaticum
742 3201 899 3275 rationem,
931 3200 995 3263 sive
1017 3201 1111 3263 totius
1139 3200 1284 3264 orationis
1309 3202 1444 3267 habiturn

196 3311 227 3364 et
247 3300 374 3364 colorem
402 3303 624 3383 respexerimus,
651 3302 730 3364 inter
755 3321 922 3365 sermonem
955 3301 1043 3381 thus
1075 3311 1107 3363 et
1138 3301 1218 3364 illius
1239 3303 1339 3365 aetetis
1361 3304 1446 3387 longe

196 3400 356 3483 plurimum
389 3401 535 3464 interesse
565 3404 755 3485 reperiemus.
804 3402 918 3465 Veram
950 3402 1039 3481 hujus
1071 3401 1115 3465 rei
1145 3422 1268 3466 causum
1300 3404 1445 3486 imprimis

197 3522 216 3563 a
246 3511 365 3565 mutate
397 3503 553 3584 discipline
585 3504 717 3567 civitatis
738 3513 872 3585 repetere
905 3503 984 3567 licet
1027 3502 1147 3565 Etenim
1174 3523 1263 3584 quum
1291 3506 1445 3586 republica

196 3621 340 3685 oppresse
371 3602 471 3666 omnia
503 3606 541 3666 ad
574 3605 661 3667 unius
694 3605 850 3666 arbitrium
881 3605 997 3677 fierent,
1029 3613 1111 3666 artes
1142 3624 1258 3685 quoque
1291 3614 1323 3668 et
1350 3594 1444 3671 literae

197 3722 235 3766 ex
266 3703 332 3783 ejus
360 3704 475 3784 Jndicio
496 3706 628 3785 religatae
649 3705 830 3786 pendebant.
866 3704 996 3767 Accedit
1021 3705 1099 3788 quod
1131 3723 1234 3768 omnes
1262 3708 1324 3769 lere
1355 3707 1443 3786 hujus

196 3804 296 3866 atatis
318 3804 512 3885 imperotores
533 3804 673 3886 singulari
696 3807 824 3886 quodem
845 3824 946 3868 amore
967 3814 999 3868 et
1019 3805 1119 3867 studio
1140 3806 1251 3869 artium
1272 3807 1443 3870 literamm·

196 3923 254 3985 que
275 3905 357 3967 ducti
385 3915 465 3979 snut,
496 3925 556 3987 qno.
576 3906 688 3969 iactum
710 3916 766 3981 est,
797 3913 841 3980 ut,
874 3924 964 3988 quum
986 3905 1087 3968 omnis
1107 3906 1189 3981 liote,
1219 3907 1371 3982 simulata,
1403 3907 1443 3969 ad

197 4002 359 4067 fallendum
391 4006 556 4087 composita
587 4016 697 4083 essent,
717 4007 840 4070 libertas
861 4026 977 4088 qnoque
999 4005 1116 4071 dicendi
1136 4008 1225 4088 plane
1247 4006 1460 4080 amitteretur„

196 4103 285 4167 Multi
316 4106 419 4185 igitur,
451 4106 501 4186 qui
532 4107 652 4188 ingenio
685 4107 837 4182 valebant,
869 4126 889 4168 a
921 4107 1080 4171 scribendo
1112 4108 1359 4182 deterrebantur,
1390 4109 1461 4171 ulii·

198 4222 277 4278 vero,
308 4206 334 4267 si
367 4208 417 4288 qui
443 4207 474 4268 in
501 4207 660 4271 scribendo
688 4208 895 4283 versabantur,
927 4226 1019 4289 quum
1045 4208 1159 4290 scripta
1178 4226 1233 4271 sua
1253 4208 1292 4270 ab
1313 4209 1462 4289 impera-¹

196 4304 311 4367 toribus
344 4306 456 4388 perlegi
475 4309 571 4371 solere
599 4327 657 4371 non
679 4309 862 4391 ignorarent,
894 4327 989 4390 neque
1011 4308 1081 4390 quid
1103 4308 1248 4371 sentirent
1269 4308 1365 4390 eloqui
1386 4329 1441 4383 au-

197 4404 312 4467 debant
333 4416 364 4469 et
385 4408 499 4470 autad
521 4408 716 4472 humillimam
737 4411 972 4473 assentationem
986 4409 1208 4497 descendebant
1222 4418 1275 4470 aut
1292 4410 1331 4472 ad
1341 4430 1440 4490 quan·

164 4502 171 4519 ¹
196 4506 263 4567 dam
292 4506 434 4569 orationis
457 4509 684 4589 ambiguitatem
706 4511 926 4592 confugiebant,
952 4530 1011 4592 qua
1032 4511 1099 4592 plns
1121 4527 1210 4590 qnam
1231 4511 1365 4574 oratione
1386 4531 1440 4574 ex·

197 4625 331 4688 pressum
355 4619 436 4670 esset
456 4609 684 4691 intelligeretur.
720 4609 836 4681 Quibus
858 4630 895 4672 ex
916 4612 1004 4674 rebus
1016 4610 1093 4673 satis
1107 4620 1233 4691 apparet
1246 4629 1300 4692 pro
1314 4613 1441 4693 pristina

1291 4712 1306 4774 l
