3300 5196
249 353 290 417 36

207 533 269 614 pud
303 532 433 595 Sueton.
461 527 547 589 velut
574 527 614 588 N.
639 527 679 590 39
701 527 731 590 iu
753 527 924 589 novissima
946 525 1094 588 clausula.
1139 527 1186 588 Ne
1208 526 1250 589 ab
1272 525 1466 607 optimorum

207 634 332 717 quidem
364 628 585 693 cousuetudine
620 629 736 692 brux
769 628 876 690 aliena
898 636 957 702 est,
981 628 1065 689 velut
1088 627 1154 691 (iic.
1177 627 1270 689 Rosc.
1295 627 1382 689 Com.
1410 626 1464 687 11.

206 736 256 796 30.
292 754 329 796 00
362 733 392 794 in
426 729 605 794 novissimis
627 730 754 811 quidem
778 729 995 803 histrionibus,
1017 727 1125 791 Oaesar
1146 729 1182 789 B.
1205 728 1246 791 G.
1274 730 1298 789 l.
1322 729 1373 789 23.
1398 746 1464 790 no-

206 835 367 898 vissimum
389 851 500 912 agmen
524 839 555 891 et
578 832 686 894 eodem
711 832 801 893 modo
826 829 999 892 novissimi.
1044 828 1218 892 Nouissime
1240 848 1296 910 pro
1313 829 1464 909 denique,

206 945 364 1016 postremo
386 931 482 994 simil.
507 929 587 994 satis
609 951 692 1014 sape
716 932 802 994 Suet.
827 931 998 994 Posterior.
1032 927 1195 993 Nouellum
1215 926 1464 992 Dum.7=no-

205 1055 262 1099 vas
297 1036 377 1096 vites
411 1034 556 1114 plautsre
588 1032 637 1115 (=
664 1029 859 1114 instituere),
893 1051 954 1094 vox
988 1031 1161 1093 rarissime.
1206 1028 1290 1092 Non.
1323 1032 1463 1093 Noctem

204 1137 296 1200 alieni
330 1134 471 1216 polliceri
505 1135 596 1196 Dom.
633 1136 645 1195 l
677 1141 838 1214 poetarum
861 1151 944 1194 more
968 1150 1024 1214 pro
1047 1132 1221 1196 concubitu.
1268 1130 1359 1193 Nona
1381 1149 1464 1213 pro-

205 1238 271 1319 prie
305 1247 353 1298 est
386 1237 544 1308 damnum,
567 1232 785 1296 detrimentum
817 1233 902 1296 Otho
932 1234 970 1295 10
993 1253 1030 1295 ne
1053 1234 1103 1295 oui
1127 1233 1265 1314 periculo
1289 1242 1345 1296 aut
1366 1253 1462 1322 noxae

205 1341 311 1402 forent
341 1337 414 1399 Liv.
449 1335 526 1398 Sall.
551 1335 760 1408 Posteriores,
783 1333 897 1396 deinde
919 1354 975 1415 per
998 1335 1110 1397 transl.
1134 1344 1183 1397 est
1205 1335 1226 1396 i.
1250 1356 1279 1417 q.
1304 1336 1394 1417 culpa
1417 1335 1458 1399 Τ.

204 1440 244 1500 33
275 1437 397 1518 judices
429 1454 529 1510 uoxae,
556 1436 595 1497 ds
617 1455 678 1518 qua
700 1443 930 1516 cognoscerent,
952 1435 1155 1510 admonebat,
1176 1435 1296 1509 Livius,
1319 1438 1461 1511 Poscor,

205 1539 313 1602 Caesar
345 1538 382 1599 Β.
417 1537 456 1599 G.
480 1537 510 1599 6.
538 1536 669 1609 161010
693 1536 774 1619 apud
797 1536 921 1598 Livium
944 1536 990 1620 (8.
1014 1535 1055 1599 28
1077 1556 1189 1599 noxum
1213 1535 1358 1620 merere),
1381 1536 1460 1600 Cel·

204 1658 281 1712 sum,
315 1636 474 1709 Ovidium,
510 1637 676 1700 nonnullos
704 1637 785 1700 slios
808 1638 847 1699 de
869 1637 939 1718 ipsa
961 1654 1064 1719 poena
1087 1638 1211 1700 dicitur.
1255 1639 1350 1720 Apud
1374 1638 1459 1702 Sus·

204 1748 269 1801 ton.
294 1740 333 1801 Α.
358 1734 398 1799 67
420 1738 590 1801 insolenter
612 1739 747 1818 positum
771 1745 820 1800 est
842 1737 880 1799 de
902 1739 971 1819 ipss
993 1738 1156 1801 voluntate
1179 1738 1311 1801 nocendi
1335 1775 1370 1784 -
1387 1758 1458 1801 ma-

205 1840 263 1901 luit
284 1839 468 1901 timiditatis
491 1858 620 1919 arguere
643 1858 733 1921 quarn
757 1858 855 1902 uoxae.
891 1839 987 1919 Apud
1011 1838 1075 1902 Cic.
1101 1839 1132 1902 b.
1158 1858 1263 1903 vocem
1287 1841 1343 1902 vix
1365 1841 1459 1903 inve-

203 1940 281 2002 nias.
338 1938 439 2002 Nonii
471 1939 658 2002 dicebantur
696 1934 763 2022 ”qni
802 1938 841 2000 ob
875 1941 992 2002 crimen
1027 1940 1169 2004 damnati
1204 1950 1296 2002 erant
1327 1940 1367 2002 sd
1400 1941 1458 2004 be-

203 2041 284 2103 stias
318 2041 367 2103 vel
401 2039 433 2103 iu
467 2040 572 2103 ludum
601 2033 816 2104 venaturium”
847 2040 976 2103 Rubul.
1011 2040 1078 2104 Gal.
1113 2039 1163 2103 27.
1189 2041 1236 2105 Ol.
1260 2042 1311 2103 34.
1336 2042 1377 2103 Ν.
1404 2042 1455 2104 12.

203 2141 270 2204 vit.
308 2137 355 2204 17.
390 2141 462 2204 Lrv.
498 2143 603 2204 Poetae
641 2141 847 2205 Posteriores.
905 2137 1037 2203 Numera
1069 2141 1226 2206 Gaesarum
1259 2141 1459 2223 temporibus

201 2271 234 2296 =
257 2244 373 2306 milites
406 2242 460 2324 qui
493 2243 552 2304 sub
575 2262 635 2303 uno
659 2242 782 2304 tribuno
805 2251 905 2315 erant,
928 2241 1025 2322 Vesp.
1050 2241 1070 2304 6
1092 2245 1230 2306 numeris
1253 2243 1293 2307 ad
1316 2244 1456 2306 officium

202 2346 357 2407 revocatis
371 2339 411 2425 ¹).
463 2340 660 2426 Nuucupats'o
693 2343 760 2406 Cel.
794 2341 846 2404 38.
880 2341 920 2403 Ν.
944 2341 984 2405 46
1007 2363 1037 2406 u.
1063 2353 1207 2406 sotorum
1230 2373 1262 2398 =
1284 2339 1369 2406 ”dies
1391 2364 1456 2426 quo

203 2457 276 2508 vota
309 2466 364 2526 pro
397 2445 499 2508 salute
533 2443 691 2524 Principis
724 2437 991 2523 suscipiebantur”
1012 2443 1139 2507 Ruhnk.
1183 2442 1305 2507 Nature
1327 2446 1456 2528 proprie

201 2560 250 2609 est
285 2541 446 2619 inclinare,
479 2565 535 2627 per
562 2545 672 2607 transl.
694 2556 727 2596 ¹=
750 2545 901 2606 incertum
926 2563 995 2607 esse
1018 2543 1053 2608 0.
1076 2546 1097 2607 4
1119 2554 1266 2610 nutantes
1289 2567 1327 2609 ac
1348 2540 1455 2609 ‹lubi'ae

201 2649 347 2710 civitates
380 2649 446 2712 (lic.
480 2648 521 2711 N.
556 2647 596 2708 D.
623 2649 648 2707 1.
673 2646 723 2708 43.
769 2645 969 2708 Democritus
991 2655 1104 2709 nutare
1127 2644 1262 2721 videtur,
1284 2648 1354 2710 Pin.
1379 2647 1456 2710 28
1491 2668 1494 2674 ·

200 2748 230 2807 in
265 2768 301 2809 eo
334 2758 425 2812 nutat
451 2748 614 2828 Epicurus.
659 2743 791 2808 Nutrire
812 2765 867 2826 pro
890 2748 972 2808 alere
997 2748 1108 2810 Livius
1131 2749 1252 2830 primus
1274 2749 1454 2830 usurpavit.

201 2847 306 2910 Galba
332 2849 343 2907 l
370 2850 488 2912 nutrire
511 2849 626 2921 alitem,
648 2848 768 2920 Celsus,
790 2847 873 2909 Plio.
898 2849 1010 2928 major.
1034 2851 1151 2912 Poetae.
1185 2850 1233 2911 De
1256 2851 1358 2932 prima
1374 2852 1454 2914 edu-

200 2949 326 3011 catione
350 2949 464 3011 dicitur
486 2950 603 3011 nutrire
627 2949 665 3011 N.
685 2948 705 3010 6
728 2949 811 3029 apud
835 2948 966 3010 smitam
992 2951 1126 3012 nutritus
1149 2960 1208 3025 eet,
1229 2953 1453 3015 etnutrirnen·

202 3056 268 3111 turn
301 3049 342 3111 A.
366 3049 386 3111 6
414 3049 669 3112 nutrimentorum
694 3051 791 3123 locus,
813 3047 882 3110 Cal.
906 3047 936 3110 9.
981 3051 1032 3112 Its
1055 3051 1191 3114 nutritor
1213 3050 1285 3135 (Gr.
1308 3041 1449 3146 7.ζὸ101.

202 3148 321 3234 Theb.)
343 3150 397 3232 qui
420 3150 571 3212 infantem
596 3149 709 3213 educat
731 3151 855 3213 dicitur.

280 3281 491 3358 Obombulcre,
525 3300 586 3344 vox
620 3283 718 3346 rarior
751 3274 841 3366 quum
875 3283 1045 3346 ambulare.
1090 3285 1161 3348 Liv.
1196 3287 1315 3349 Poetae.
1348 3289 1385 3350 Τ.
1410 3288 1451 3351 25

198 3384 339 3448 dextram
374 3383 616 3458 obambulantia,
649 3386 684 3447 T.
710 3385 740 3444 ll
779 3385 942 3466 gymnasia
963 3385 1169 3450 obambulans
1186 3387 1226 3470 ²).
1271 3385 1384 3452 Obesus
1406 3389 1447 3452 N.

196 3485 247 3547 51.
282 3487 348 3548 Vit.
386 3481 434 3549 17.
469 3486 588 3558 Poetae,
621 3482 746 3548 obesitas
778 3486 824 3548 Ol.
861 3486 912 3549 41.
947 3485 1038 3548 Dum.
1065 3486 1104 3549 18
1128 3505 1162 3533 ·-
1187 3509 1279 3551 voces
1303 3478 1446 3581 areret.

195 3584 358 3671 Olpirmote
379 3616 411 3640 =
433 3586 647 3668 pertinaciter,
670 3586 818 3649 resistere
839 3588 876 3648 Τ.
900 3587 950 3647 25.
995 3582 1135 3651 Oblroereo
1156 3591 1227 3652 Τ.2
1250 3600 1282 3653 01
1305 3591 1448 3654 obbaere·

195 3707 258 3750 sco.
282 3689 322 3750 N.
350 3687 387 3750 19
414 3688 441 3750 ei
466 3687 583 3749 lacinia
605 3687 738 3751 obhaesit
758 3689 850 3751 Luer.
876 3687 991 3774 Appul.
1036 3684 1126 3752 Oba're
1148 3719 1180 3767 ².
1202 3698 1332 3753 mortem
1349 3693 1448 3767 obire,

194 3789 236 3851 A.
270 3790 310 3851 63
345 3798 378 3852 ut
411 3789 500 3862 obiit,
521 3788 591 3850 Liv.
627 3789 710 3851 Veli.
731 3790 812 3852 Pliu.
837 3788 951 3868 Major,
974 3787 1080 3851 Galba
1102 3791 1121 3851 3
1144 3792 1324 3854 voluntaria
1347 3804 1447 3857 morto

194 3935 391 3944 ——-—-.-—

241 4023 336 4094 1)(110
359 4022 518 4097 Legergrsn
539 4043 566 4095 p.
592 4025 641 4079 77.

237 4107 263 4176 ²)
287 4111 392 4183 Magna
413 4111 543 4168 dissensio
565 4112 639 4166 inter
660 4109 733 4165 viros
754 4108 851 4162 (100100
872 4109 923 4173 est,
935 4110 1029 4162 ulrum
1052 4105 1227 4181 ”gymnasio”
1250 4131 1286 4168 un
1310 4108 1445 4187 ξω.

191 4194 249 4253 siol’
282 4200 418 4269 scriptum
450 4199 496 4255 sil.
540 4197 641 4261 Bromi,
675 4193 771 4258 Wolff.
803 4193 960 4259 Doderlein,
984 4194 1131 4253 Frotsoher
1152 4197 1222 4253 illud
1245 4201 1365 4269 malunt,
1388 4204 1441 4260 Bo.

191 4285 252 4340 hoc.
297 4285 392 4340 Livius
425 4286 475 4341 36.
511 4286 549 4338 34
573 4287 602 4338 01
624 4281 708 4354 Verg.
732 4299 795 4336 cum
816 4280 912 4336 dativo
934 4282 1117 4355 conjungunt,
1140 4285 1256 4342 Plautus
1278 4292 1307 4343 01
1329 4289 1444 4348 Ovidius

190 4389 252 4429 cum
276 4373 444 4428 accusativo.
489 4369 535 4425 Cir
557 4369 701 4424 Krebsium
725 4361 947 4424 '’obambulars”.
