3300 5196
235 312 277 375 28

193 488 233 552 A.
256 488 306 552 26.
329 489 369 551 Ν.
392 484 442 552 37.
479 485 631 571 >haperne
658 488 675 550 i.
698 507 726 568 q.
753 488 885 550 subitum
919 488 1086 562 consilium,
1117 472 1311 570 1666616661)
1336 503 1446 565 capere

193 589 257 653 Oai.
279 591 331 662 43,
363 587 444 651 Otho
466 587 496 663 9,
517 587 558 650 Α.
579 587 631 661 42,
654 589 690 650 N.
713 587 763 653 48.
817 586 947 672 Impleru
979 608 1032 670 per
1063 589 1169 650 transl.
1191 588 1250 650 Rb.
1273 585 1293 649 6
1314 585 1447 665 suscepit

195 700 295 770 partes
319 700 349 752 et
370 689 414 751 ita
435 688 574 769 implevit
596 708 647 768 pro
671 708 705 750 eo
728 688 805 769 qnod
829 701 875 750 est
897 690 993 750 officio
1026 690 1218 764 satisfacere;
1250 708 1318 750 raro
1340 685 1446 750 transl.

197 791 328 871 vi'apud
351 790 488 870 optimos.
531 786 692 873 Imponere
715 789 826 851 milites
848 790 878 852 in
903 809 996 851 naves
1010 791 1087 870 apud
1105 789 1331 871 praeetantiores
1343 787 1447 866 script.

196 889 302 953 0.·66.
325 910 401 952 nave
433 888 588 970 impositos
601 889 640 972 2).
685 890 764 952 Aliis
798 890 870 952 locis
903 891 998 969 jungit
1021 890 1184 954 Suetonius
1206 890 1357 969 imponere
1379 906 1447 949 eum

198 992 300 1054 dativo
314 992 354 1074 8).
397 989 542 1075 Impoa⁴)
566 990 675 1053 mentis
692 993 730 1052 A.
746 990 792 1053 19.
814 992 927 1071 Impos,
951 1010 1009 1052 lox
1030 991 1182 1063 Plautina,
1204 1009 1323 1070 semper
1341 989 1447 1068 juncta

197 1112 262 1154 cunr
285 1085 421 1166 ”aoimi”,
450 1111 503 1171 pro
525 1110 582 1152 non
605 1099 752 1171 compote,
773 1091 930 1171 impotenti
943 1091 982 1174 ⁵).
1026 1089 1198 1176 Irnprecori
1219 1091 1265 1152 cni
1287 1089 1359 1172 quid
1381 1087 1450 1169 ple-

197 1212 319 1274 rumque
351 1192 380 1254 in
416 1192 524 1252 nralam
559 1200 673 1271 partem
703 1191 742 1253 A.
766 1189 816 1253 66.
848 1192 913 1254 Cal.
935 1190 977 1253 28
998 1202 1122 1253 mortem
1146 1190 1192 1254 oui
1215 1194 1287 1254 Tae.
1313 1187 1446 1252 Annii.

195 1294 244 1355 24.
267 1293 348 1355 Hist.
373 1290 472 1353 1.84.
496 1282 612 1353 Seneca
634 1291 711 1353 Plin.
734 1292 842 1371 Major.
878 1289 1021 1376 Improba
1033 1292 1196 1356 insolenter
1208 1291 1337 1373 positum
1351 1290 1446 1369 Vesp.

197 1396 237 1456 23
259 1392 423 1474 improbius
447 1406 536 1454 natus
559 1390 665 1476 (sensu
687 1390 786 1475 obse.)
808 1421 841 1445 =
863 1387 924 1455 ”eni
948 1404 1056 1455 natura
1079 1413 1186 1473 magna
1209 1387 1279 1455 est”.
1323 1388 1448 1473 Impro-

191 1495 297 1581 jesana
319 1493 338 1554 i.
355 1513 382 1574 q.
406 1512 462 1552 non
487 1493 637 1573 professus
669 1493 757 1554 Dom.
785 1494 820 1553 12
848 1494 897 1575 qui
921 1494 1088 1573 inrprol‘essi
1121 1494 1281 1557 Judaicanr
1315 1492 1452 1553 viverent

199 1594 303 1656 vitam.
348 1585 558 1676 Impudicr'ta‘a,
588 1613 645 1654 vox
668 1593 821 1666 Plautina,
848 1594 996 1656 nonnullis
1021 1594 1092 1656 locis
1114 1596 1190 1675 apud
1215 1595 1301 1657 Suet.
1325 1601 1450 1654 66166ό

199 1695 245 1757 lot
265 1693 305 1755 A.
329 1688 377 1756 71.
411 1693 503 1773 Vesp.
530 1694 576 1754 13.
598 1696 672 1756 Tac.
696 1693 819 1755 Seneca.
862 1692 1028 1778 Imperare,
1061 1715 1148 1775 qnam
1184 1714 1285 1757 vocem
1320 1710 1450 1754 novasse

201 1793 341 1857 Ovidium
365 1793 531 1872 Lagergren
555 1813 583 1874 p.
600 1795 656 1855 135
679 1794 842 1867 contendit,
864 1815 942 1875 saepe.
961 1796 1111 1856 invenitur
1123 1798 1272 1876 apudarg.
1285 1804 1333 1856 aet.
1346 1793 1450 1872 script.

202 1896 306 1956 eadem
330 1893 358 1956 vi
381 1894 642 1976 qna-adscribere,
664 1895 832 1974 adsignare,
854 1874 984 1956 tribuere
996 1895 1141 1980 (111616),
1163 1897 1318 1977 postulare
1340 1904 1373 1954 ut
1394 1892 1450 1954 sibi

199 1993 305 2076 gratie
338 2004 539 2075 opponantur,
573 2004 606 2055 nt
638 1995 766 2076 loquitur
798 1994 1009 2080 Terentiusi).
1044 1999 1080 2059 T.
1103 1998 1143 2058 53
1171 1997 1333 2078 imputavit
1358 1993 1448 2055 etiam

200 2097 277 2178 qood
300 2114 359 2157 non
383 2094 489 2176 laqueo
511 2095 728 2175 strangulatam
751 2095 780 2156 in
805 2094 969 2158 Gemonias
993 2097 1133 2176 abjecerit
1156 2099 1195 2160 N.
1211 2097 1261 2161 36.
1306 2094 1451 2178 Inaequa-

199 2195 297 2260 bilior
322 2195 422 2258 Galba
443 2198 473 2258 9.
500 2195 604 2258 Claud.
631 2194 676 2258 16.
698 2197 796 2259 Varro
819 2197 888 2270 RR,
940 2193 1120 2259 Incudimm
1142 2200 1220 2278 apud
1245 2206 1362 2258 veteres
1385 2196 1402 2256 i.
1426 2213 1450 2256 s.

200 2319 228 2380 q.
251 2315 360 2363 novum
395 2296 440 2357 vel
475 2297 552 2377 qood
576 2316 735 2377 numquam
759 2308 848 2359 antea
871 2297 1005 2360 auditum
1028 2296 1103 2372 erat,
1136 2300 1214 2380 apud
1237 2298 1321 2361 Suet.
1343 2306 1374 2358 et
1396 2314 1451 2375 po-

200 2399 339 2463 steriores
362 2404 393 2457 et·
419 2396 448 2458 6.
468 2397 527 2459 vim
550 2396 643 2458 babet
665 2407 696 2458 et
710 2399 923 2478 usurpatnrab
941 2398 977 2460 iis
992 2400 1093 2460 eadem
1117 2400 1177 2461 lere
1192 2399 1221 2460 vi
1236 2418 1297 2481 qua
1311 2393 1452 2469 ’‘indicta,

200 2498 350 2579 incognita
372 2516 475 2570 eausa,
497 2518 528 2559 re
549 2492 685 2560 inorata”
706 2497 784 2580 (Cic.
807 2499 896 2561 Rosc.
920 2499 991 2562 Am.
1004 2499 1033 2562 9.
1056 2498 1112 2582 26)
1133 2501 1212 2581 apud
1235 2500 1383 2581 optimos,
1405 2495 1452 2559 cl.

203 2601 253 2664 ³8.
285 2598 386 2662 Galba
410 2598 458 2672 14,
491 2598 659 2660 inauditum
683 2597 782 2679 capite
800 2599 946 2680 puniebat
966 2599 1031 2662 Vit.
1056 2598 1103 2663 14.
1147 2599 1282 2663 Insanus
1303 2601 1389 2663 Dorn.
1412 2597 1454 2658 20

201 2710 295 2783 caput
316 2698 496 2761 subrutilum
520 2708 551 2759 et
573 2699 722 2773 incanum,
744 2698 809 2761 Col.
833 2700 910 2762 Plio.
932 2702 1046 2763 Poetae.
1081 2698 1303 2764 ¹Incanda‘ora‘na
1325 2699 1390 2763 vit.
1405 2690 1453 2758 17.

203 2803 310 2875 Quint.
333 2801 405 2863 Tac.
452 2797 603 2862 lacessere
635 2800 653 2861 i.
676 2819 704 2881 q.
726 2799 865 2862 invadere
886 2802 1013 2881 aggredi,
1036 2822 1095 2864 vox
1117 2804 1304 2884 frequentata
1327 2822 1344 2863 a
1368 2800 1454 2864 Soet.

203 2903 271 2967 Liv.
293 2902 412 2963 Poster.
465 2899 579 2962 Incerto
601 2900 718 2980 proprie
740 2910 786 2962 est
807 2911 891 2964 casta
913 2902 1052 2982 polluere,
1073 2903 1144 2964 inde
1165 2903 1184 2963 i.
1207 2923 1234 2984 q.
1257 2913 1394 2984 stuprare
1417 2899 1454 2959 T.

202 3003 243 3069 43
263 3000 391 3065 invicem
414 3020 447 3062 se
469 3000 653 3062 incestarent
675 3020 773 3063 eoram
796 3000 869 3081 ipso.
893 3003 1089 3066 Tac.Poetae.
1121 3001 1278 3077 Incboore,
1301 3022 1359 3064 vox
1376 3000 1453 3064 Sue-

205 3103 341 3168 tooiana.
384 3099 446 3163 Cic.
468 3119 528 3163 uno
541 3100 571 3183 ⁷)
595 3101 659 3163 loeo
681 3100 782 3163 habet.
803 3102 871 3163 Liv.
893 3103 1007 3164 Poster.
1040 3101 1198 3188 Incaper03
1218 3104 1369 3185 inceptam
1383 3119 1448 3183 pro·

204 3202 395 3284 scriptionem
417 3201 456 3265 A.
478 3196 570 3284 278).
621 3199 789 3264 Inoios'liter
816 3203 876 3264 Tit.
899 3201 918 3264 6
946 3222 1005 3265 vox
1026 3203 1182 3267 rarissima
1206 3225 1259 3286 pro
1280 3204 1454 3266 inhumane.

202 3305 402 3368 Iaoloreaeerc
422 3303 442 3364 i.
458 3322 486 3384 q.
509 3303 622 3369 clarum
645 3302 717 3377 lieri,
740 3302 891 3365 nobilitari
912 3303 1003 3368 simil.
1026 3305 1097 3367 Tac.
1119 3305 1196 3368 Plio.
1220 3306 1325 3386 nrajor,
1348 3303 1455 3375 minor,

202 3468 400 3481 ...μ-...-

215 3649 216 3653 .
248 3565 284 3644 J).
302 3545 406 3627 seneca
427 3571 463 3626 ad
484 3570 565 3626 Helv.
592 3571 619 3626 l.
642 3571 751 3627 Similes
772 3571 937 3627 locutionem
962 3573 1223 3644 cursumeapereO.
1237 3575 1266 3634 6,
1289 3587 1366 3640 spem
1377 3568 1410 3625 Ο.
1423 3550 1452 3625 4'.

247 3654 272 3730 ²)
295 3658 462 3714 ”vindicant
483 3657 648 3727 interpretas
670 3658 707 3713 ad
728 3659 757 3714 h.
781 3658 873 3714 locum
895 3662 1128 3719 constructionem
1149 3661 1290 3732 imponere
1312 3673 1384 3712 nave
1403 3672 1454 3728 pro

202 3741 293 3805 navi.”
314 3744 427 3800 Ruhnk.

250 3827 276 3904 3)
298 3832 372 3887 Nam
393 3847 445 3903 pro
467 3830 538 3886 colle
559 3847 632 3884 nunc
654 3829 758 3902 legitur
780 3830 846 3886 colli
867 3830 903 3885 N.
928 3829 977 3882 50.
1330 3889 1334 3896 ,

249 3915 275 3990 ⁴)
296 3915 366 3974 ”Alii
387 3919 476 3988 inops,
500 3915 574 3987 quod
596 3917 706 3987 accepit
726 3918 859 3972 Burman.
888 3913 967 3993 ¹Ilb'rd⁴
982 3917 1057 3969 recte
1072 3909 1307 3985 opinor'serv'avit
1319 3913 1455 3978 Oudend,

205 4008 311 4064 dictum
333 4004 432 4060 docens
454 4021 505 4075 pro
526 4005 619 4059 mente
642 4007 736 4074 capto,
758 4022 844 4073 quum
866 4013 943 4057 mans
964 4018 997 4056 ex
1021 3996 1140 4057 Hominis
1155 4004 1295 4072 potestate
1310 4001 1390 4065 abiit,
1413 4001 1456 4056 uti

206 4089 313 4151 sarm*
334 4090 386 4147 Bo,
410 4091 496 4146 adh.
519 4090 539 4145 l.
1359 4153 1361 4157 Ι

250 4175 275 4251 ⁸)
298 4178 392 4235 (linaro
425 4177 536 4248 quidem
568 4176 659 4240 (Tunc.
685 4177 711 4231 3.
737 4177 764 4230 5.
791 4174 842 4243 11)
863 4173 1083 4244 elegantissime:
1115 4174 1163 4246 qui
1184 4178 1241 4229 non
1261 4178 1304 4230 est
1325 4173 1455 4244 inpote-

204 4271 278 4325 stote
299 4266 410 4330 montis,
433 4266 482 4336 qui
503 4281 519 4319 e
541 4264 681 4334 potestate
703 4261 804 4317 mentis
825 4259 903 4315 exiit.
1332 4260 1335 4265 ’

249 4350 276 4425 ⁶)
297 4353 344 4410 Gir
365 4352 479 4408 Ruhnk.
502 4351 533 4405 T.
559 4351 608 4405 53.

251 4435 275 4512 7)
297 4441 363 4513 Lag.
390 4439 416 4494 1.
443 4440 491 4493 16.
515 4438 566 4493 44.

250 4521 278 4605 ⁸)
301 4528 341 4584 De
363 4526 452 4581 forma
472 4524 583 4599 passiva
604 4520 645 4579 cir
667 4507 787 4594 lletling.
