3300 5196
284 319 324 385 46

244 496 379 576 optimos
402 495 432 557 h.
458 493 553 556 verbo
576 513 651 564 usos
674 513 742 555 esse
765 513 823 574 pro
838 513 986 568 narrare,
1013 494 1139 555 tradere
1154 487 1292 577 simil.¹);
1311 495 1404 557 Livio
1421 515 1499 574 prae-

244 605 348 669 ennte‚
371 594 568 667 Posteriores
590 594 637 658 ita
659 594 755 657 locuti
778 603 852 657 sunt
875 595 910 658 C.
934 593 953 655 6
976 595 1014 656 de
1038 592 1104 673 ejus
1127 612 1165 656 ac
1187 596 1289 674 patris
1313 596 1433 674 origiue
1455 596 1500 656 sic

244 699 391 768 referens,
410 693 460 756 .C.
483 692 513 756 9.
541 695 593 755 30.
616 694 657 758 49
689 695 870 776 saepissime.
919 693 1065 777 Refectio,
1086 713 1149 757 vox
1172 714 1238 774 arg.
1262 695 1365 758 atatis
1388 697 1424 760 C.
1450 695 1498 757 15.

243 817 268 858 r.
294 795 454 877 Capitolii.
503 791 644 878 Refector
676 794 747 867 Coae
770 796 902 860 Veneris
926 795 1023 876 Vesp.
1049 796 1088 856 18
1121 794 1213 879 (bis).
1258 794 1404 879 Resovcre
1426 816 1501 876 pro-

245 884 312 978 prie
347 897 448 959 denuo
481 896 599 959 lovere.
644 897 766 958 Favere
799 907 904 959 antem
937 895 1062 977 proprie
1085 896 1106 957 i.
1131 915 1161 977 q.
1184 896 1358 981 incubando
1382 896 1500 960 calefa-

244 1017 313 1060 cere
347 996 449 1078 (velut
479 1015 551 1070 ove,
574 997 700 1078 pullos).
729 997 770 1058 N.
793 995 833 1067 27
859 997 980 1067 refotus
1003 996 1115 1077 sapius
1137 996 1252 1058 calidis
1273 998 1415 1078 piscinis;
1438 1000 1502 1060 Po-

246 1109 315 1172 etae,
336 1097 545 1171 Posteriores,
569 1097 682 1160 deiude
704 1097 896 1169 transfertur
918 1098 959 1158 ad
982 1097 1064 1159 alies
1087 1117 1136 1158 res
1149 1097 1184 1160 C.
1209 1096 1248 1158 35
1264 1098 1413 1181 reliquias
1428 1117 1502 1178 par-

247 1199 323 1282 tium
357 1199 404 1270 in¹
423 1183 532 1260 Africa
569 1200 748 1260 refoventes
769 1196 809 1281 (i.
833 1217 860 1260 e.
885 1197 1076 1282 reficientes)
1098 1198 1313 1279 Posteriores.
1352 1197 1501 1280 Requen

245 1300 288 1363 A.
312 1295 352 1361 27
382 1317 499 1362 morum
525 1305 558 1360 et
579 1299 678 1380 legum
701 1300 909 1362 Posteriores.
932 1301 1049 1361 Poetae.
1093 1297 1228 1382 Rejicere
1249 1300 1270 1360 i.
1295 1319 1325 1381 q.
1350 1319 1503 1373 evomere,

246 1420 309 1463 vox
332 1399 517 1474 medicorum
540 1401 680 1481 propria,
702 1398 744 1462 A.
768 1394 808 1462 77
830 1419 921 1463 senos
944 1408 1108 1463 sextantes
1129 1400 1157 1461 si
1181 1401 1377 1475 excessisset,
1399 1401 1503 1480 rejici·

245 1502 330 1565 ebat
375 1500 517 1582 Uterque
548 1500 684 1563 Plinius.
729 1499 924 1564 Remolediro
957 1503 1055 1581 Vesp.
1089 1499 1204 1582 9opp.
1229 1501 1390 1565 maledico.
1434 1500 1502 1564 Re-

243 1599 359 1665 molfire
380 1629 413 1673 =
435 1601 579 1682 mitigare
600 1601 642 1664 A.
666 1597 707 1664 79
735 1621 771 1663 eo
794 1621 828 1663 se
851 1602 1017 1665 inhibitum
1040 1609 1072 1664 et
1094 1601 1296 1674 remolliturn,
1321 1602 1414 1666 Orid.
1439 1603 1503 1665 Co-

246 1687 330 1771 lum.
363 1699 545 1792 Repertores
578 1703 746 1775 monstrosi
780 1703 964 1767 concubitus
997 1702 1034 1765 Τ.
1070 1703 1121 1765 43.
1156 1704 1260 1765 Poetae
1293 1704 1503 1777 Posteriores,

247 1800 420 1868 Sallustius
454 1821 511 1883 pro
547 1803 722 1876 inventore.
749 1800 913 1887 ¹Repetere
944 1823 1016 1866 raro
1049 1803 1194 1866 absoluta
1224 1803 1371 1884 positum.
1394 1805 1501 1867 estin

246 1902 374 1984 scriptis
407 1902 568 1966 Ciceronis
590 1923 648 1984 pro
671 1905 821 1967 memorie
844 1913 998 1986 repetere,
1021 1904 1211 1969 meminisse.
1256 1905 1364 1967 Poetae
1387 1914 1419 1967 et
1439 1906 1505 1967 Po·

247 2004 399 2070 steriores
430 2005 613 2086 frequenter
643 2005 689 2066 ita
720 2004 815 2068 locuti
838 2017 910 2067 sunt
932 2004 987 2067 Gr.
1011 2004 1031 2065 4
1053 2024 1101 2067 rue
1124 2005 1246 2086 quidem
1269 2005 1502 2068 adulescentulo

250 2110 359 2187 repeto
381 2105 536 2186 quendam
560 2103 746 2178 declamare,
774 2105 827 2168 ubi
850 2106 1048 2168 accusativus
1071 2124 1139 2167 curu
1163 2105 1218 2167 inf.
1242 2107 1394 2186 sequitur.
1437 2104 1503 2168 Re-

245 2203 360 2291 plicare
382 2205 493 2268 Cicero
515 2207 668 2268 transfert
690 2205 794 2291 (velut
816 2207 967 2287 replicare
990 2207 1182 2280 memoriam,
1194 2192 1317 2292 simil),
1338 2207 1503 2269 Posterio-

247 2325 297 2368 res
329 2305 457 2387 proprie
489 2307 519 2368 vi
550 2313 679 2369 utuntur
699 2305 741 2370 A.
765 2305 806 2368 95
828 2308 1024 2369 victimarum
1044 2306 1188 2387 jocinore
1215 2299 1367 2388 replicata
1389 2307 1504 2369 intrin-

246 2426 335 2470 secos
368 2406 407 2468 ab
440 2407 504 2468 ima
531 2406 612 2470 fibra
633 2435 666 2460 =
693 2400 901 2492 duplicara2).
946 2405 1124 2491 Reprrrlium
1156 2408 1263 2470 Plaut.
1287 2408 1414 2470 Terent.
1438 2407 1502 2469 Po-

247 2509 404 2570 steriores.
449 2507 628 2570 Insolenter
666 2509 826 2588 repudium
861 2509 1020 2571 remittere
1053 2507 1126 2592 (pro
1150 2509 1350 2591 mitterel'l'.
1377 2509 1429 2582 ll;
1452 2528 1501 2569 re-

247 2608 376 2717 podium
406 2608 531 2672 mittere
564 2615 670 2672 exstat
702 2609 769 2672 Cal.
793 2601 882 2693 36³).
933 2605 1117 2693 Repnrqare
1138 2608 1179 2671 A.
1205 2610 1255 2671 30.
1280 2610 1316 2672 Τ.
1339 2607 1370 2670 8.
1395 2608 1501 2670 Poetae

250 2686 460 2809 Postepiores.
503 2705 577 2773 Res.
600 2709 672 2771 Nou
696 2729 715 2772 a
738 2730 770 2772 re
793 2711 950 2773 fueritA.
974 2710 1025 2773 94.
1049 2709 1142 2772 Dour.
1169 2711 1260 2771 13:-
1255 2729 1344 2771 nou
1367 2710 1503 2778 alienum

251 2829 336 2883 are,
357 2828 425 2891 qam
448 2810 539 2891 paulo
561 2810 750 2873 insolentior
771 2810 887 2875 locutio
905 2812 989 2892 apud
1005 2810 1164 2882 Plautum,
1180 2809 1327 2885 Gellium,
1341 2803 1504 2893 Livium⁴)

249 2911 418 2973 invenitur.
460 2909 646 2973 Resolutotio
679 2912 718 2972 N.
752 2907 802 2973 37.
846 2908 1008 2974 Reaarcare
1035 2912 1181 2974 damnum
1202 2910 1250 2974 Cl.
1274 2910 1309 2985 6,
1332 2912 1504 2974 detrimen-

247 3020 314 3073 tunr
337 3029 362 3072 r.
389 3011 504 3074 Caesar.
525 3013 564 3075 B.
589 3012 630 3075 G.
653 3010 683 3073 6.
709 3013 737 3077 1.
760 3015 795 3086 33
817 3011 928 3074 Cicero
951 3012 1049 3073 habet
1072 3013 1222 3074 damnum
1246 3013 1363 3074 sarcire
1396 3011 1503 3096 (lam.

252 3113 279 3174 l.
302 3110 333 3177 9.
356 3110 401 3195 5),
433 3120 466 3175 et
491 3112 598 3176 Caesar
618 3115 649 3175 3.
674 3107 725 3175 67.
751 3114 780 3187 2;
801 3111 913 3175 Livius
935 3112 1095 3193 propriam
1119 3113 1181 3174 vim
1204 3113 1276 3176 huic
1298 3113 1367 3174 voci
1390 3113 1505 3193 adjun-

247 3213 294 3294 git
325 3203 363 3296 ⁵),
396 3211 572 3277 Columella
606 3224 638 3277 et
659 3213 817 3297 propriam
841 3222 873 3274 et
895 3213 1083 3275 translatam
1105 3213 1226 3276 tribuit.
1271 3212 1448 3276 Rescribere
1469 3231 1512 3291 af

248 3315 312 3396 pud
343 3323 467 3377 veteres
488 3316 511 3376 i.
535 3336 561 3378 s.
585 3336 614 3397 q.
638 3315 837 3396 respondere.
882 3313 988 3376 Etiam
1021 3314 1059 3374 de
1082 3333 1116 3375 rs
1138 3315 1321 3396 pecuniaria
1344 3306 1503 3395 dicitur⁶).

252 3416 413 3477 Praeterea
445 3417 531 3497 apud
553 3415 736 3479 Suetonium
760 3443 793 3468 =
815 3415 992 3488 emendare,
1015 3423 1188 3477 retractare
1211 3417 1246 3479 C.
1271 3413 1313 3478 56
1334 3415 1505 3494 rescriptu-

249 3536 299 3579 um
322 3524 354 3579 et
377 3526 584 3580 correcturum
608 3518 705 3580 fuisse
729 3516 968 3578 commentarios
984 3516 1064 3579 Plin.
1081 3516 1193 3578 minor.
1237 3508 1396 3578 Resolvere
1410 3514 1502 3576 Donr.

252 3616 272 3678 6
295 3617 453 3680 resolutos
476 3618 615 3691 Rhenus,
641 3634 704 3677 vox
725 3624 891 3697 poetarum
914 3636 935 3678 a
955 3616 1050 3679 Livio
1075 3618 1275 3699 frequentata
1297 3624 1346 3678 est
1366 3634 1424 3695 pro
1439 3616 1507 3677 sol-

247 3776 445 3790 *ια-

295 3843 321 3926 ι)
343 3848 475 3904 Krebsius
496 3847 579 3906 affert
599 3853 696 3906 tamen
717 3853 810 3937 locum
831 3851 970 3910 Ciceronis
993 3854 1066 3923 (At-t.
1044 3854 1120 3910 t.8
1132 3843 1180 3909 11
1195 3853 1228 3910 D
1242 3853 1269 3908 2
1282 3851 1334 3920 Ep.
1347 3840 1504 3921 adPomp,

249 3939 297 3996 ubi
319 3952 375 3992 nou
397 3935 511 3991 rectei.
534 3953 554 3991 ε.
577 3954 603 4006 q.
625 3955 741 3994 narrare
763 3942 854 4010 putat.

251 4017 523 4169 vid²elmlqburniuqiqqru
549 4023 624 4078 enim
652 4027 875 4098 magnitudinem
902 4028 945 4081 ita
966 4043 995 4081 se
1016 4026 1205 4135 replicuerant
1227 4025 1302 4087 exta,
1325 4026 1358 4080 ut
1379 4024 1505 4133 duplicia

296 4191 322 4267 ⁸)
342 4197 459 4253 Plautus
480 4195 566 4253 habet
587 4198 747 4255 renuntiare
770 4200 917 4270 repudium
938 4217 989 4269 pro
1010 4201 1149 4256 nuntiare.

296 4277 374 4355 *rs
400 4284 446 4341 11.
473 4286 500 4350 1;
524 4285 575 4338 es.
600 4283 648 4340 32
672 4286 698 4340 e

297 4365 322 4441 6)
346 4373 397 4427 45.
422 4371 461 4426 28
483 4370 723 4428 resarciretecta.

295 4452 321 4524 ⁸)
341 4459 382 4514 De
403 4475 433 4514 re
454 4459 572 4514 militari
590 4456 732 4514 CaesarB.
757 4453 790 4511 (i.
818 4459 843 4513 1.
866 4457 906 4512 42
930 4476 1004 4513 nuuc
1026 4458 1062 4513 ad
1084 4423 1187 4531 equum
1209 4456 1368 4513 rescribere.
