3300 5196
196 619 232 664 eo
259 608 395 682 tempore
416 593 544 661 Romam
567 594 722 673 confluxit,
754 615 879 687 queram
901 618 918 660 e
939 615 1075 661 sermone
1097 596 1202 675 molta,
1231 599 1270 663 ah
1296 600 1447 685 indoleat

195 713 304 765 natura
328 702 436 781 lioguoe
458 700 494 761 L.
516 700 722 775 abhorrentia,
743 701 774 762 in
797 700 931 780 linguam
951 699 988 763 L.
1003 699 1225 778 immigrabant,
1248 720 1302 764 nec
1316 702 1444 767 Romani

194 804 261 884 ipsi,
284 820 373 883 quum
396 802 425 861 in
448 801 609 880 provinciis
632 801 682 862 diu
705 811 900 873 morarentur,
922 820 1012 862 suum
1024 818 1190 863 sermonem
1213 813 1318 882 purum
1340 810 1371 864 et
1393 818 1459 865 cat
1529 786 1534 793 ⁵

193 914 274 966 stum
311 910 481 962 narrarunt.
524 898 604 970 Quid
627 890 743 963 multa?
773 900 883 963 Puram
915 901 1001 962 illam
1034 910 1067 961 et
1098 901 1232 963 nativam
1266 901 1445 980 elegantiam

195 1001 350 1065 orationis
370 1009 559 1063 enervatam·
576 1001 797 1082 quodammodo
830 1011 862 1063 et
894 1000 1063 1080 languidam
1090 1009 1230 1080 putantes
1252 1002 1444 1066 artificiosum

196 1102 314 1165 dicendi
346 1120 438 1182 genus
460 1114 491 1163 et
512 1112 632 1164 acutum
657 1111 687 1162 et
709 1102 845 1163 floridum
868 1101 1034 1164 consectati
1056 1108 1129 1163 sunt
1150 1103 1328 1181 posteriores
1350 1103 1458 1184 scrip--

198 1212 289 1266 tores.
334 1202 439 1283 Neque
460 1209 561 1265 minen
584 1201 765 1281 negaverim,
797 1202 833 1264 iis
855 1220 970 1283 quoque
992 1201 1228 1276 suamlaudam,
1260 1221 1344 1265 snam
1367 1222 1447 1284 prae-

197 1304 353 1376 stantiam,
375 1322 446 1364 suas
468 1301 596 1364 virtutes
618 1303 794 1365 tribuendas
815 1320 896 1376 esso;
921 1301 947 1362 si
969 1301 1087 1383 quidem
1109 1301 1139 1363 in
1163 1302 1247 1364 novis
1269 1303 1371 1365 verbis
1389 1304 1448 1367 lin·

194 1404 299 1484 gendis
331 1413 421 1465 tanta
442 1402 553 1481 'judicii
588 1403 723 1465 sollertia
755 1414 786 1465 et
818 1402 966 1483 elegantia
998 1402 1043 1464 usi
1065 1411 1146 1476 sunt,
1181 1403 1446 1481 circumnatat,

196 1503 357 1584 scriptores
378 1504 500 1583 aptiora
520 1513 575 1565 au‘t
597 1504 690 1584 magis
712 1504 832 1585 propria
853 1503 986 1565 tulerint.
1022 1503 1048 1565 Ε
1072 1521 1179 1580 magno
1201 1513 1301 1565 autem
1319 1519 1447 1568 numero

195 1604 382 1684 scriptorum,
416 1603 466 1684 qui
500 1603 589 1684 vulgo
624 1624 687 1685 arg.
709 1614 757 1667 aet.
779 1605 938 1686 scriptores
972 1603 1175 1685 nominantur,
1207 1603 1287 1666 haud
1319 1605 1380 1666 scio
1408 1624 1447 1668 an

194 1704 321 1785 dignior,
355 1704 439 1784 cujus
471 1705 501 1765 in
533 1723 701 1767 sermonem
738 1705 893 1785 diligenter
925 1705 1103 1786 inquiratur,
1135 1721 1222 1765 nemo
1244 1704 1279 1766 0.
1301 1705 1456 1769 Suetonio
1492 1739 1495 1745 v

195 1804 370 1886 Tranquillo
392 1803 445 1879 sit,
475 1804 561 1884 cujus
586 1805 782 1868 elocutionem
812 1805 871 1878 hic,
901 1814 934 1866 ut
954 1804 1129 1885 poterimus,
1157 1805 1334 1866 adumbrare
1355 1824 1447 1868 cona·

194 1905 310 1967 bimur:
346 1905 420 1967 Jam
453 1924 523 1966 varo
556 1906 634 1986 quod
667 1905 777 1968 attinet
799 1907 838 1967 ad
861 1906 1008 1967 rationem
1031 1903 1121 1984 hujus
1144 1904 1369 1985 disputationis,
1401 1906 1447 1968 ita
1491 1943 1493 1946 <

195 2007 342 2086 agendum
375 2024 441 2066 asse
475 2005 590 2086 putavi,
624 2016 656 2068 ut
680 2007 819 2088 'primum
846 2006 963 2086 singula
986 2005 1077 2066 verba
1098 2024 1313 2079 enumerarem,
1346 2026 1368 2067 a
1393 2026 1448 2068 ve-

196 2115 305 2168 terum
326 2125 407 2168 more
429 2106 637 2168 abhorrentia
668 2116 723 2169 aut
748 2116 828 2169 certe
850 2106 909 2168 illis
930 2106 1027 2168 minus
1048 2105 1170 2178 ammte,
1205 2105 1311 2167 deinde
1332 2106 1369 2169 de
1390 2120 1447 2169 usn

196 2205 414 2287 particularum
435 2193 545 2287 'pauca
576 2207 715 2281 dicerem,
747 2216 814 2269 tum
844 2208 881 2268 de
902 2205 1072 2288 syntactioa
1093 2205 1210 2268 ratione
1231 2204 1333 2287 aliqua
1354 2226 1450 2288 expos

194 2326 303 2369 narem.
346 2306 429 2368 Ante
458 2326 529 2368 vero
562 2326 652 2389 quam
685 2307 724 2369 ad
757 2307 891 2387 singulas
923 2316 1025 2387 partas
1057 2316 1186 2380 transeo,
1208 2307 1332 2388 paucis
1350 2308 1448 2370 attin-
1491 2341 1514 2347 v·

195 2426 274 2488 garo,
307 2407 406 2488 qualis
426 2407 517 2469 inerit
550 2408 677 2470 elocutio
705 2407 843 2471 Suetonii
865 2408 1017 2481 universa,
1038 2416 1181 2488 quantum
1204 2426 1241 2468 ex
1263 2407 1347 2469 libris
1369 2408 1448 2471 Sne·

195 2507 281 2582 tonii,
314 2508 365 2588 qui
392 2507 597 2571 inscribantur
617 2508 673 2570 ”de
695 2509 760 2570 vita
781 2508 943 2582 Caesarum,
974 2508 1012 2568 de
1034 2506 1200 2569 illustribus
1223 2506 1447 2582 Grammaticis,
1494 2548 1497 2555 ·

195 2609 232 2670 de
253 2608 344 2670 claris
368 2608 564 2681 Rhetoribus,
588 2609 669 2671 Vitae
695 2609 879 2689 poetarnm”,
896 2608 1027 2688 judicari
1049 2605 1127 2669 licet,
1161 2607 1208 2668 Ac
1229 2607 1355 2688 primum
1379 2608 1451 2689 qui-⁴
1465 2632 1478 2655 -ε

195 2708 261 2769 (lein
286 2728 383 2789 quum
416 2709 568 2788 quaritur,
601 2709 720 2789 qualem
754 2728 822 2770 sese
844 2708 1016 2788 praetiterit
1043 2707 1212 2771 Suetonius
1227 2709 1256 2768 in
1279 2708 1449 2783 aetimare,
1514 2696 1519 2703 ¹

196 2809 268 2870 illud
301 2809 446 2890 imprimis
479 2809 726 2871 considerandum
761 2818 818 2882 est,
851 2829 916 2871 eum
952 2810 981 2870 in
1010 2807 1153 2871 historico
1175 2808 1318 2869 orationis
1339 2814 1448 2888 genere

197 2918 345 2972 versatum
379 2929 453 2972 esse.
496 2909 639 2972 Elocutio
671 2911 761 2990 igitur
792 2909 929 2985 Suetonii
963 2918 1024 2970 tam
1055 2927 1146 2988 prope
1169 2928 1187 2969 a
1210 2919 1343 2970 veterum
1367 2929 1447 2972 more

194 3010 291 3083 abest,
313 3020 356 3083 ut,
391 3009 445 3071 nisi
469 3009 568 3072 verbis
590 3011 715 3090 singulis
739 3021 770 3072 et
791 3010 953 3072 structuris
974 3010 1013 3071 ab
1035 3028 1134 3070 eornm
1157 3010 1369 3073 consuetudine
1390 3011 1446 3072 ab·

197 3111 349 3184 horreret,
378 3110 457 3174 inter
489 3111 620 3191 optimos
652 3112 856 3173 Romanorum
889 3111 1049 3190 scriptores
1064 3107 1093 3193 ¹)
1126 3111 1326 3189 numerandus
1357 3123 1448 3191 esset.

196 3209 303 3273 Oratio
335 3211 413 3289 enim
447 3210 512 3290 ejus
544 3222 608 3274 tam
642 3232 717 3293 pura
750 3221 781 3273 et
813 3211 987 3290 incorrupta
1009 3219 1064 3284 est,
1096 3218 1130 3288 ut
1151 3208 1224 3272 nihil
1247 3211 1448 3288 emendatius,

196 3320 317 3393 tamque
338 3310 395 3373 leni
417 3324 449 3373 et
470 3312 611 3394 aequabili
632 3320 732 3375 tractu
753 3311 829 3387 fluit,
850 3323 884 3374 ut
905 3311 968 3374 lieri
992 3330 1049 3372 non
1062 3309 1167 3391 possit,
1184 3310 1254 3391 quin
1269 3313 1447 3394 suavissime

139 3472 149 3488 ,
197 3424 229 3475 et
254 3397 473 3492 ¹jocundissime
505 3413 619 3475 afficiat
648 3413 773 3488 animos,
800 3413 840 3475 ab
863 3411 944 3474 omni
965 3412 1089 3492 denique
1110 3410 1327 3491 pigmentorum
1350 3413 1447 3475 colore

196 3522 226 3576 et
247 3513 370 3575 floribus
391 3522 455 3591 tam
477 3511 582 3587 libera,
616 3514 667 3574 vix
689 3524 722 3575 ut
744 3533 809 3576 eum
832 3533 895 3593 arg.
917 3512 1003 3575 aetati
1025 3512 1202 3593 adjunctum
1225 3512 1340 3575 credas.
1378 3514 1448 3593 Ac·
1517 3551 1521 3558 -

197 3614 277 3677 cedit
299 3612 396 3695 quod,
413 3631 593 3695 quamquam
617 3613 715 3677 verbis
737 3634 755 3677 a
777 3612 841 3676 rita
862 3611 1012 3690 communi
1034 3621 1066 3674 et
1087 3632 1141 3675 usu
1156 3612 1331 3693 quotidiano
1345 3633 1447 3695 sump-

196 3715 235 3776 tis
257 3733 330 3776 usus
352 3722 407 3787 est,
429 3723 530 3775 tamen
553 3713 680 3777 orationi
702 3714 775 3776 nihil
797 3714 908 3775 natira
930 3713 1098 3793 elegantia,
1126 3711 1198 3775 nihil
1221 3712 1318 3776 cultus
1340 3713 1448 3793 modici
1505 3740 1506 3744 ¹

197 3825 229 3877 et
260 3813 367 3876 nitoris
393 3815 489 3876 deest.
531 3813 640 3877 Omnia
667 3814 747 3895 apud
769 3833 836 3877 enm
857 3834 932 3876 saua
953 3823 985 3875 et
1005 3812 1136 3876 candida
1149 3810 1179 3896 ²)
1199 3823 1282 3895 sunt,
1314 3814 1391 3894 quod
1412 3832 1447 3876 eo
1497 3839 1499 3843 ¹

198 3916 292 3996 mags
324 3925 458 3995 emerget
488 3925 520 3992 et
552 3914 690 3990 elucebit,
722 3915 836 3979 mcum
858 3914 959 3988 Floro,
989 3913 1098 3995 aquali
1119 3912 1193 3992 ejas,
1220 3913 1322 3994 quiin
1345 3914 1446 3977 eodem

197 4015 370 4097 scriptionis
402 4034 508 4096 genere
540 4026 679 4078 versatus
700 4026 756 4089 est,
788 4014 1022 4097 comparaveris.
1064 4014 1156 4095 Apud
1178 4014 1256 4076 hunc
1278 4015 1445 4095 enimora-

197 4117 310 4178 tionem
331 4116 470 4178 invenias
490 4115 628 4177 floridam
650 4125 681 4178 et
702 4117 905 4195 artificiosam,
930 4114 1044 4179 deliciis
1070 4125 1103 4176 et
1129 4113 1284 4177 lenociniis
1305 4134 1448 4198 consper-

197 4235 273 4289 sam,
305 4216 385 4298 omni
413 4217 561 4279 rhetorica
581 4215 874 4300 supellectileita³>
896 4216 1051 4290 refertam,
1084 4225 1119 4277 ut
1138 4215 1213 4295 artis
1236 4214 1369 4291 nimium,
1391 4238 1457 4298 paq
1489 4243 1492 4249 ·

247 4397 267 4471 'l
289 4399 335 4455 cfr
355 4401 519 4471 Bernhardy
553 4403 613 4456 635
648 4399 828 4473 ”Oudendorp
855 4401 988 4457 berdhmt
1008 4402 1039 4456 in
1063 4401 1122 4456 ihm
1143 4399 1307 4468 scriptorem
1334 4435 1365 4447 -
1392 4381 1457 4471 guo

198 4487 419 4562 prestantiorem
447 4517 478 4528 -
504 4489 622 4557 antiqua
643 4489 690 4543 rix
711 4488 831 4559 protulit
851 4488 950 4544 Roma.
1342 4485 1344 4489 ’

241 4569 268 4731 :³
288 4573 534 4732 Effigntlffitlt
559 4571 719 4633 ”Suetonius
733 4574 765 4632 Τ.
781 4574 1019 4631 emendatissimus
1033 4576 1063 4629 et
1077 4570 1287 4628 candidissimus
1303 4569 1445 4644 scriptor.”
