3300 5196
303 336 345 402 82

264 514 361 578 Paulo
394 510 514 576 liberior
547 530 620 573 usus
652 509 780 573 sblstivi
813 511 893 573 modi
926 519 974 572 est
1006 510 1045 573 A.
1060 510 1108 572 ’53
1137 510 1181 571 vel
1209 510 1287 572 serio
1309 510 1354 572 vel
1376 508 1453 589 joco.
1477 542 1517 555 -

263 615 410 694 Exempla
443 612 569 674 oblutivl
597 631 760 674 mensurae:
795 611 833 674 G.
856 611 876 672 4
898 611 1023 674 cubitali
1045 612 1142 692 rrrsjns
1165 611 1205 674 A.
1227 612 1280 685 43,
1302 610 1434 692 bipedali
1457 610 1517 673 mi-

264 736 333 791 nor;
355 723 460 778 contro
483 712 517 775 O.
539 712 581 775 82
602 712 723 792 paulum
739 711 768 795 ¹)
790 713 870 773 inire
891 731 945 793 pro
967 712 1073 793 pamm
1096 710 1259 797 multmnl)
1281 710 1515 774 antecedenti.

265 817 319 891 133
351 814 477 878 ablativi
506 812 739 893 comparationis
766 813 800 874 Τ.
828 811 873 875 18.
896 814 934 875 Τ.
956 808 1007 875 37·
1024 814 1113 874 solito
1135 813 1319 895 frequentior
1346 812 1412 874 Liv.
1434 811 1514 874 Plln.

263 918 359 981 minor
381 914 483 988 Ovio,
505 913 543 976 N.
566 912 605 975 33
627 914 764 994 opinione
786 910 959 997 tardius⁸);
986 912 1109 976 ablativi
1133 914 1221 994 pretii
1234 914 1270 977 O.
1284 912 1459 975 50minimo
1475 908 1515 993 ⁴).

344 1015 530 1079 Posteriores
561 1017 721 1095 scriptores
755 1014 966 1095 proepositione
997 1015 1027 1076 in
1062 1016 1108 1076 vel
1136 1014 1200 1076 solo
1223 1014 1516 1085 ablativo-utuntur,

262 1136 353 1200 quum
376 1117 413 1179 de
434 1115 538 1187 ermis,
559 1115 749 1176 vestimentis
771 1114 857 1176 simil.
880 1115 1030 1195 quaerltur‚
1052 1115 1102 1176 obi
1114 1115 1268 1196 Principes
1289 1114 1343 1175 sol.
1359 1114 1515 1194 onscrip·

261 1229 343 1281 tores
371 1215 600 1299 prepositonem
629 1213 740 1297 euml)
768 1227 958 1296 usurparunt,
992 1214 1069 1277 (1.6
1097 1216 1241 1277 muliebre
1270 1224 1372 1287 veste,
1404 1214 1451 1277 Gl.
1478 1210 1513 1276 ll

261 1319 291 1381 in
304 1322 334 1401 ⁸)
357 1328 439 1379 veste
460 1315 605 1397 palmosa,
627 1316 666 1378 N.
689 1315 740 1388 25,
762 1315 795 1378 (1.
819 1313 839 1378 9
859 1316 890 1377 in
912 1316 1004 1378 urinis
1026 1335 1100 1378 osse.
1119 1316 1189 1379 Cel.
1210 1315 1261 1378 45.
1284 1314 1343 1377 er.
1366 1316 1385 1375 3
1408 1315 1436 1376 in
1460 1334 1515 1377 os·-

262 1420 339 1481 tenis
361 1447 394 1471 =
415 1425 579 1478 catenatos.
616 1416 715 1479 'Plura
747 1415 834 1496 hujus
867 1415 909 1477 rei
941 1416 1078 1497 exemplu
1110 1418 1189 1498 opud
1222 1415 1284 1478 Bc.
1306 1416 1363 1477 sub
1390 1415 1514 1478 vocibus

261 1511 396 1581 ”vestis”'
408 1525 440 1579 et
460 1509 522 1577 ’‘in''
544 1515 746 1579 inveniuntur.

344 1618 460 1681 Contra
493 1635 603 1678 morem
637 1616 801 1698 principum
835 1616 890 1678 sol.
920 1637 962 1679 or.
984 1615 1161 1698 scriptorum
1197 1616 1367 1698 propositio
1400 1635 1466 1678 oum
1481 1613 1512 1700 ²)

261 1720 371 1782 omisso
402 1727 449 1779 est
480 1717 509 1778 iu
544 1716 753 1791 locutionibus,
785 1718 887 1798 quoles
918 1728 988 1779 surrt
1016 1718 1076 1780 hs:
1110 1719 1205 1805 ull
1238 1717 1511 1805 rusgootdedeoore

261 1819 376 1900 imperii
405 1836 459 1879 nee
481 1816 595 1879 minore
617 1816 801 1891 discrimine,
832 1817 893 1879 Tit.
920 1819 956 1878 10
978 1819 1090 1899 majore
1113 1818 1264 1881 homiuum
1288 1819 1397 1880 damno
1419 1836 1510 1899 quum

259 1940 324 1993 suo,
344 1920 389 1982 Ol.
414 1915 452 1979 16
473 1917 526 1979 sed
548 1936 602 1980 suo
624 1917 736 1997 majore
758 1918 913 1980 dedecore.
1458 1998 1462 2003 Ι

343 2019 476 2081 Verbum
510 2018 592 2098 iungi
605 2019 635 2101 8)
657 2019 736 2099 opud
758 2018 883 2082 Suetoo.
916 2019 1030 2082 duobus
1058 2019 1130 2082 loeis
1153 2019 1343 2083 aecusativus
1365 2020 1510 2100 sequitur.

260 2120 410 2184 ablativus
432 2118 538 2181 ceteris
560 2119 631 2180 loeis
644 2116 685 2203 ⁹).

343 2221 389 2284 De
411 2238 465 2282 usu
487 2219 699 2299 particulorum
732 2229 803 2282 oute
826 2229 858 2282 et
878 2220 1048 2301 post-opud
1070 2221 1200 2301 optimos
1222 2219 1392 2300 scriptores·
1408 2222 1510 2283 KrelrL

259 2322 375 2403 siusw)
397 2319 616 2399 elegentissime
638 2320 817 2401 disputavit,
839 2320 889 2383 ubi
911 2321 999 2383 effert
1020 2321 1116 2383 locum
1139 2320 1274 2384 Suetonii
1296 2321 1341 2384 01.
1362 2319 1416 2385 27:
1440 2333 1510 2385 oute

258 2424 393 2505 quintum
426 2439 557 2481 mensem
591 2420 712 2482 divortii
745 2441 799 2503 pro
831 2439 865 2482 eo
894 2422 973 2502 quod
994 2431 1043 2483 est
1063 2423 1167 2503 quinto
1191 2440 1291 2482 meuse
1313 2435 1384 2484 oute
1405 2423 1509 2485 divor·

259 2524 344 2586 tium.
387 2520 567 2601 Praepositio
601 2533 671 2582 unte
703 2522 795 2600 igitur
826 2523 917 2602 priori
940 2522 1133 2584 substantivo
1155 2523 1319 2604 preposita
1341 2535 1388 2585 est
1409 2537 1438 2585 et
1460 2544 1509 2585 se-

258 2625 358 2705 quenti
381 2621 575 2684 substantivo
596 2621 747 2700 genitivus
769 2622 920 2703 subjectus
934 2633 990 2697 est,
1012 2625 1096 2702 eujus
1118 2623 1233 2703 generis
1256 2625 1392 2705 exemplu
1415 2626 1507 2686 etiem

257 2725 337 2805 epod
357 2722 542 2788 Posteriores
557 2719 725 2806 ¹¹)·soript.
748 2723 861 2784 rariora
882 2734 962 2785 sunt.
996 2723 1142 2785 Similiter
1163 2722 1201 2785 G.
1226 2718 1263 2785 l'l
1286 2724 1365 2786 iutro
1388 2735 1506 2805 sextum

258 2824 427 2906 adoptionis
449 2821 536 2884 diem.
1181 2818 1183 2822 '
1477 2898 1480 2903 .

339 2924 431 3004 Apud
464 2922 638 2985 Suetonium
671 2934 822 3005 preeunte
853 2922 997 3009 Livioll)
1022 2943 1103 3007 saepe
1125 2926 1294 3005 praepositio
1318 2925 1357 2987 ab
1380 2926 1508 2989 nomini-

256 3027 311 3090 bus
344 3025 462 3087 urbium
495 3023 637 3104 oppositu
669 3035 724 3100 est,
755 3027 805 3089 ubi
838 3026 989 3108 prinsipes
1017 3045 1082 3088 eom
1111 3027 1274 3088 omiserunt
1297 3027 1378 3088 velut
1398 3026 1433 3088 0.
1456 3027 1505 3090 35.

304 3260 329 3328 ι)
351 3258 444 3315 nam.
468 3259 540 3314 220.
567 3260 593 3314 1.
795 3255 821 3332 2)
843 3263 883 3319 rb.
906 3262 978 3317 ero.
1002 3262 1031 3316 2.

298 3339 324 3416 ²)
345 3345 440 3400 Madv.
462 3344 672 3418 Bemerlrungeu
694 3364 722 3417 p.
748 3349 798 3414 85,
821 3349 951 3404 Kirhnost
976 3349 1046 3414 174,
1073 3349 1143 3402 175.

297 3427 322 3504 ¹)
345 3431 402 3487 Alii
423 3430 547 3486 scribunt
568 3434 735 3505 numolll'er.
760 3436 838 3490 Eum.
865 3436 892 3490 1.
917 3435 967 3490 29.

210 3536 216 3551 ·
297 3516 322 3592 Ι)
344 3518 437 3573 nmv.
462 3518 534 3574 ess.
557 3518 639 3590 (nn).
1183 3570 1186 3576 ,
1454 3566 1459 3573 .

292 3601 321 3678 ⁶)
344 3604 390 3661 Gir
411 3603 467 3659 (lio.
491 3605 551 3659 Fin.
577 3605 605 3660 2.
629 3608 680 3662 20.
704 3609 752 3664 65.
786 3610 933 3677 potentem
966 3603 1009 3663 ”in
1041 3602 1117 3663 rosel
1151 3606 1295 3673 Thorium,
1328 3625 1390 3676 quae
1417 3611 1505 3665 verbs

251 3692 379 3757 nonnulli
412 3692 633 3761 interpretantur
666 3690 748 3750 ”rosis
768 3690 952 3761 redimitum”,
985 3695 1143 3766 Madvigius
1165 3710 1230 3749 vero
1253 3689 1333 3750 ”rosis
1355 3696 1504 3753 simorum-

251 3800 320 3838 sum.
365 3778 447 3833 Tales
469 3777 622 3834 locutiones
643 3781 734 3850 poetis
755 3781 950 3839 usitatissimos
971 3799 1038 3848 esse,
1062 3781 1117 3836 disi
1141 3780 1186 3837 vix
1208 3797 1278 3851 opus
1300 3786 1349 3836 est.

295 3861 319 3938 ⁷)
341 3865 435 3921 nam.
459 3865 528 3919 sss.
553 3866 579 3922 5.

295 3947 321 4024 ⁸)
343 3953 383 4007 m.
407 3951 476 4005 oss.
501 3951 527 4004 2.

292 4034 318 4112 ⁹)
340 4039 464 4107 Utroque
485 4040 581 4093 tumen
615 4034 675 4089 looo
701 4035 840 4106 seriptum
861 4035 947 4090 dubis
967 4038 1011 4092 est
1036 4038 1065 4092 A.
1089 4040 1127 4093 85
1151 4036 1291 4093 moetoris
1312 4042 1428 4094 mouere
1450 4040 1499 4110 (sl.

247 4129 387 4185 senatorio
409 4125 533 4194 munere)
553 4123 586 4178 A.
609 4121 647 4177 45
673 4121 762 4179 rioem
782 4121 833 4194 (sl.
854 4120 935 4190 vioe).

297 4211 346 4287 ¹⁰)
372 4215 397 4269 1.
421 4213 468 4267 rs.
491 4211 583 4266 Madv.
608 4209 677 4265 oro.
701 4212 730 4276 4,
756 4210 825 4264 226.
850 4211 876 4263 o.

296 4301 344 4370 ¹¹)
366 4298 529 4370 Nipperdey
550 4297 580 4354 Τ.
603 4296 673 4352 Anu.
699 4298 724 4352 1.
747 4297 795 4352 62.

297 4378 344 4457 ¹²)
365 4385 495 4441 Kilhnssl
516 4402 542 4455 p.
567 4384 625 4439 186
648 4401 687 4452 sq.
731 4382 784 4438 Hie
816 4399 880 4436 usus
910 4382 1030 4453 Augusti
1056 4384 1140 4438 amos
1161 4381 1376 4437 in'immeusum
1397 4381 1496 4437 erevit.

247 4474 288 4530 eir
309 4474 341 4529 A.
365 4474 419 4528 86:
454 4467 691 4542 ”praeoipuomque
720 4486 816 4524 ourom
848 4468 937 4535 duxit,
970 4484 1081 4524 sensum
1105 4468 1192 4527 animi
1214 4485 1301 4538 quom
1322 4466 1497 4538 apertissime

246 4561 406 4633 exprimere.
450 4557 527 4625 Quod
559 4574 614 4628 quo
645 4556 755 4613 lucilius
775 4555 897 4613 effioeret
923 4557 974 4613 snt
994 4553 1096 4612 neoubi
1118 4556 1251 4612 lentorum
1272 4554 1319 4611 vel
1339 4553 1497 4612 merorem
