<?xml version="1.0" encoding="UTF-8"?>
<!DOCTYPE html PUBLIC "-//W3C//DTD XHTML 1.0 Transitional//EN"
    "http://www.w3.org/TR/xhtml1/DTD/xhtml1-transitional.dtd">
<html xmlns="http://www.w3.org/1999/xhtml" xml:lang="en" lang="en">
 <head>
  <title>
</title>
<meta http-equiv="Content-Type" content="text/html;charset=utf-8" />
  <meta name='ocr-system' content='tesseract 3.04.00' />
  <meta name='ocr-capabilities' content='ocr_page ocr_carea ocr_par ocr_line ocrx_word'/>
</head>
<body>
  <div class='ocr_page' id='page_1' title='image "./deelocutionecsu01bagggoog_0026.png"; bbox 0 0 3592 5400; ppageno 0'>
   <div class='ocr_carea' id='block_1_1' title="bbox 1386 443 1426 510">
    <p class='ocr_par' dir='ltr' id='par_1_1' title="bbox 1386 443 1426 510">
     <span class='ocr_line' id='line_1_1' title="bbox 1386 443 1426 510; baseline 0.05 -2"><span class='ocrx_word' id='word_1_1' title='bbox 1386 443 1426 510; x_wconf 84' lang='grc'><strong>19</strong></span> 
     </span>
    </p>
   </div>
   <div class='ocr_carea' id='block_1_2' title="bbox 131 612 1472 2497">
    <p class='ocr_par' dir='ltr' id='par_1_2' title="bbox 131 612 1472 2497">
     <span class='ocr_line' id='line_1_2' title="bbox 212 612 1468 699; baseline 0 -19"><span class='ocrx_word' id='word_1_2' title='bbox 212 615 376 696; x_wconf 83' lang='lat' dir='ltr'><strong>dignitate,</strong></span> <span class='ocrx_word' id='word_1_3' title='bbox 412 619 509 681; x_wconf 85' lang='lat' dir='ltr'><strong>semel</strong></span> <span class='ocrx_word' id='word_1_4' title='bbox 542 617 627 698; x_wconf 93' lang='lat' dir='ltr'><strong>apud</strong></span> <span class='ocrx_word' id='word_1_5' title='bbox 655 613 837 678; x_wconf 79' lang='lat' dir='ltr'><strong>Ciceronem</strong></span> <span class='ocrx_word' id='word_1_6' title='bbox 861 612 947 694; x_wconf 81' lang='lat' dir='ltr'><strong>(Ate.</strong></span> <span class='ocrx_word' id='word_1_7' title='bbox 974 613 1022 674; x_wconf 90' lang='grc'><strong>10.</strong></span> <span class='ocrx_word' id='word_1_8' title='bbox 1047 613 1131 678; x_wconf 41' lang='grc'><strong>912.</strong></span> <span class='ocrx_word' id='word_1_9' title='bbox 1156 617 1204 678; x_wconf 86' lang='lat' dir='ltr'><strong>ed.</strong></span> <span class='ocrx_word' id='word_1_10' title='bbox 1229 616 1338 690; x_wconf 86' lang='lat' dir='ltr'><strong>Orelli,</strong></span> <span class='ocrx_word' id='word_1_11' title='bbox 1360 617 1396 699; x_wconf 92' lang='grc'><strong>2)</strong></span> <span class='ocrx_word' id='word_1_12' title='bbox 1418 619 1468 680; x_wconf 90' lang='lat' dir='ltr'><strong>in-</strong></span> 
     </span>
     <span class='ocr_line' id='line_1_3' title="bbox 131 711 1468 799; baseline 0.003 -22"><span class='ocrx_word' id='word_1_13' title='bbox 131 721 137 732; x_wconf 76' lang='lat'><strong>·</strong></span> <span class='ocrx_word' id='word_1_14' title='bbox 212 717 346 780; x_wconf 86' lang='lat' dir='ltr'><strong>venitur.</strong></span> <span class='ocrx_word' id='word_1_15' title='bbox 371 719 488 782; x_wconf 87' lang='lat' dir='ltr'><strong>Krebs.</strong></span> <span class='ocrx_word' id='word_1_16' title='bbox 523 717 617 798; x_wconf 85' lang='lat' dir='ltr'>Apud</span> <span class='ocrx_word' id='word_1_17' title='bbox 641 713 824 778; x_wconf 77' lang='lat' dir='ltr'>Suetonium</span> <span class='ocrx_word' id='word_1_18' title='bbox 849 711 926 773; x_wconf 88' lang='lat' dir='ltr'><strong>duas</strong></span> <span class='ocrx_word' id='word_1_19' title='bbox 950 713 1046 774; x_wconf 90' lang='lat' dir='ltr'><strong>habet</strong></span> <span class='ocrx_word' id='word_1_20' title='bbox 1068 715 1322 795; x_wconf 81' lang='lat' dir='ltr'><strong>significationes,</strong></span> <span class='ocrx_word' id='word_1_21' title='bbox 1338 734 1468 799; x_wconf 88' lang='lat' dir='ltr'><strong>quarum</strong></span> 
     </span>
     <span class='ocr_line' id='line_1_4' title="bbox 214 811 1469 898; baseline 0 -18"><span class='ocrx_word' id='word_1_22' title='bbox 214 837 275 880; x_wconf 90' lang='lat' dir='ltr'><strong>una</strong></span> <span class='ocrx_word' id='word_1_23' title='bbox 308 827 357 879; x_wconf 89' lang='lat' dir='ltr'><strong>est</strong></span> <span class='ocrx_word' id='word_1_24' title='bbox 380 819 508 898; x_wconf 86' lang='lat' dir='ltr'><strong>passiva</strong></span> <span class='ocrx_word' id='word_1_25' title='bbox 536 819 585 896; x_wconf 66' lang='grc' dir='ltr'><strong>(τε</strong></span> <span class='ocrx_word' id='word_1_26' title='bbox 606 813 771 894; x_wconf 73' lang='lat' dir='ltr'>dignitas),</span> <span class='ocrx_word' id='word_1_27' title='bbox 794 811 969 894; x_wconf 81' lang='lat' dir='ltr'><strong>mansitque</strong></span> <span class='ocrx_word' id='word_1_28' title='bbox 991 815 1075 894; x_wconf 88' lang='lat' dir='ltr'><strong>apud</strong></span> <span class='ocrx_word' id='word_1_29' title='bbox 1099 835 1152 876; x_wconf 86' lang='lat' dir='ltr'><strong>eos</strong></span> <span class='ocrx_word' id='word_1_30' title='bbox 1176 834 1236 878; x_wconf 93' lang='lat' dir='ltr'><strong>non</strong></span> <span class='ocrx_word' id='word_1_31' title='bbox 1259 817 1325 879; x_wconf 86' lang='lat' dir='ltr'><strong>sine</strong></span> <span class='ocrx_word' id='word_1_32' title='bbox 1348 837 1469 882; x_wconf 88' lang='lat' dir='ltr'><strong>summa</strong></span> 
     </span>
     <span class='ocr_line' id='line_1_5' title="bbox 173 910 1466 1005; baseline 0 -25"><span class='ocrx_word' id='word_1_33' title='bbox 173 983 174 990; x_wconf 40' lang='lat'><strong>,</strong></span> <span class='ocrx_word' id='word_1_34' title='bbox 211 917 393 998; x_wconf 81' lang='lat' dir='ltr'><strong>dignatione</strong></span> <span class='ocrx_word' id='word_1_35' title='bbox 426 919 515 982; x_wconf 84' lang='grc'><strong>(1.4.</strong></span> <span class='ocrx_word' id='word_1_36' title='bbox 540 918 646 980; x_wconf 89' lang='lat' dir='ltr'><strong>Galba</strong></span> <span class='ocrx_word' id='word_1_37' title='bbox 675 910 704 1005; x_wconf 87' lang='lat'><strong>7.</strong></span> <span class='ocrx_word' id='word_1_38' title='bbox 729 915 819 974; x_wconf 87' lang='lat' dir='ltr'><strong>Dorn.</strong></span> <span class='ocrx_word' id='word_1_39' title='bbox 844 915 875 972; x_wconf 82' lang='lat'><strong>2.</strong></span> <span class='ocrx_word' id='word_1_40' title='bbox 898 914 1112 990; x_wconf 86' lang='lat' dir='ltr'><strong>Posteriores;</strong></span> <span class='ocrx_word' id='word_1_41' title='bbox 1135 917 1237 978; x_wconf 90' lang='lat' dir='ltr'><strong>altera</strong></span> <span class='ocrx_word' id='word_1_42' title='bbox 1258 918 1374 991; x_wconf 88' lang='lat' dir='ltr'><strong>activa,</strong></span> <span class='ocrx_word' id='word_1_43' title='bbox 1399 917 1466 980; x_wconf 83' lang='lat' dir='ltr'><strong>Cal.</strong></span> 
     </span>
     <span class='ocr_line' id='line_1_6' title="bbox 177 1011 1467 1106; baseline 0.001 -27"><span class='ocrx_word' id='word_1_44' title='bbox 177 1051 181 1066; x_wconf 92' lang='lat'><em>·</em></span> <span class='ocrx_word' id='word_1_45' title='bbox 213 1017 254 1080; x_wconf 98' lang='grc'><strong>24</strong></span> <span class='ocrx_word' id='word_1_46' title='bbox 287 1017 423 1099; x_wconf 87' lang='lat' dir='ltr'><strong>reliquas</strong></span> <span class='ocrx_word' id='word_1_47' title='bbox 457 1037 581 1080; x_wconf 84' lang='lat' dir='ltr'><strong>sorores</strong></span> <span class='ocrx_word' id='word_1_48' title='bbox 614 1015 796 1095; x_wconf 78' lang='lat' dir='ltr'><strong>dignatione</strong></span> <span class='ocrx_word' id='word_1_49' title='bbox 821 1014 935 1076; x_wconf 87' lang='lat' dir='ltr'><strong>dilexit</strong></span> <span class='ocrx_word' id='word_1_50' title='bbox 951 1014 988 1095; x_wconf 87' lang='lat'><strong>¹).</strong></span> <span class='ocrx_word' id='word_1_51' title='bbox 1032 1011 1217 1106; x_wconf 58' lang='lat' dir='ltr'><strong>Dmnosccre</strong></span> <span class='ocrx_word' id='word_1_52' title='bbox 1243 1017 1327 1082; x_wconf 85' lang='lat' dir='ltr'><strong>Otho</strong></span> <span class='ocrx_word' id='word_1_53' title='bbox 1346 1012 1389 1080; x_wconf 80' lang='lat'><strong>&#39;12</strong></span> <span class='ocrx_word' id='word_1_54' title='bbox 1413 1039 1467 1099; x_wconf 89' lang='lat' dir='ltr'><strong>pro</strong></span> 
     </span>
     <span class='ocr_line' id='line_1_7' title="bbox 214 1113 1469 1198; baseline 0 -18"><span class='ocrx_word' id='word_1_55' title='bbox 214 1119 353 1198; x_wconf 82' lang='lat' dir='ltr'><strong>eoquod</strong></span> <span class='ocrx_word' id='word_1_56' title='bbox 377 1127 427 1180; x_wconf 87' lang='lat' dir='ltr'><strong>est</strong></span> <span class='ocrx_word' id='word_1_57' title='bbox 449 1119 634 1192; x_wconf 87' lang='lat' dir='ltr'><strong>discernere,</strong></span> <span class='ocrx_word' id='word_1_58' title='bbox 656 1117 877 1177; x_wconf 74' lang='lat' dir='ltr'><strong>internoscere.</strong></span> <span class='ocrx_word' id='word_1_59' title='bbox 923 1113 1032 1185; x_wconf 78' lang='lat' dir='ltr'><strong>Quint.</strong></span> <span class='ocrx_word' id='word_1_60' title='bbox 1058 1115 1178 1179; x_wconf 82' lang='lat' dir='ltr'><strong>Colum.</strong></span> <span class='ocrx_word' id='word_1_61' title='bbox 1202 1118 1277 1181; x_wconf 82' lang='lat' dir='ltr'><strong>Tac.</strong></span> <span class='ocrx_word' id='word_1_62' title='bbox 1301 1119 1383 1184; x_wconf 94' lang='lat' dir='ltr'><strong>Plin.</strong></span> <span class='ocrx_word' id='word_1_63' title='bbox 1403 1137 1469 1181; x_wconf 83' lang='lat' dir='ltr'><strong>ma-</strong></span> 
     </span>
     <span class='ocr_line' id='line_1_8' title="bbox 211 1214 1468 1296; baseline 0.001 -16"><span class='ocrx_word' id='word_1_64' title='bbox 211 1219 273 1296; x_wconf 92' lang='lat' dir='ltr'><strong>jor.</strong></span> <span class='ocrx_word' id='word_1_65' title='bbox 297 1218 413 1282; x_wconf 80' lang='lat' dir='ltr'><strong>Poeta.</strong></span> <span class='ocrx_word' id='word_1_66' title='bbox 456 1217 622 1282; x_wconf 83' lang='lat' dir='ltr'><strong>Dimooere</strong></span> <span class='ocrx_word' id='word_1_67' title='bbox 655 1215 774 1280; x_wconf 79' lang='lat' dir='ltr'><strong>Galea.</strong></span> <span class='ocrx_word' id='word_1_68' title='bbox 796 1214 842 1284; x_wconf 88' lang='grc'><strong>19,</strong></span> <span class='ocrx_word' id='word_1_69' title='bbox 873 1215 938 1276; x_wconf 87' lang='lat' dir='ltr'><strong>Tit.</strong></span> <span class='ocrx_word' id='word_1_70' title='bbox 969 1215 1017 1277; x_wconf 87' lang='lat'><strong>10.</strong></span> <span class='ocrx_word' id='word_1_71' title='bbox 1041 1215 1124 1278; x_wconf 81' lang='lat' dir='ltr'><strong>Gela.</strong></span> <span class='ocrx_word' id='word_1_72' title='bbox 1149 1217 1223 1281; x_wconf 87' lang='lat' dir='ltr'><strong>Tac.</strong></span> <span class='ocrx_word' id='word_1_73' title='bbox 1247 1217 1324 1282; x_wconf 88' lang='lat' dir='ltr'><strong>Sall.</strong></span> <span class='ocrx_word' id='word_1_74' title='bbox 1350 1220 1468 1281; x_wconf 83' lang='lat' dir='ltr'><strong>Poetae.</strong></span> 
     </span>
     <span class='ocr_line' id='line_1_9' title="bbox 212 1315 1468 1397; baseline 0.001 -18"><span class='ocrx_word' id='word_1_75' title='bbox 212 1315 391 1382; x_wconf 74' lang='lat' dir='ltr'><strong>Discinctos</strong></span> <span class='ocrx_word' id='word_1_76' title='bbox 413 1349 446 1374; x_wconf 68' lang='grc' dir='ltr'><strong>ι·-</strong></span> <span class='ocrx_word' id='word_1_77' title='bbox 468 1320 594 1382; x_wconf 87' lang='lat' dir='ltr'><strong>ademto</strong></span> <span class='ocrx_word' id='word_1_78' title='bbox 617 1317 738 1397; x_wconf 87' lang='lat' dir='ltr'><strong>cingulo</strong></span> <span class='ocrx_word' id='word_1_79' title='bbox 761 1333 820 1396; x_wconf 89' lang='lat' dir='ltr'><strong>quo</strong></span> <span class='ocrx_word' id='word_1_80' title='bbox 843 1334 920 1394; x_wconf 88' lang='lat' dir='ltr'><strong>saga</strong></span> <span class='ocrx_word' id='word_1_81' title='bbox 941 1315 1108 1396; x_wconf 81' lang='lat' dir='ltr'><strong>cingebant</strong></span> <span class='ocrx_word' id='word_1_82' title='bbox 1130 1318 1171 1380; x_wconf 83' lang='lat' dir='ltr'><strong>A.</strong></span> <span class='ocrx_word' id='word_1_83' title='bbox 1195 1319 1246 1382; x_wconf 88' lang='grc'><strong>24.</strong></span> <span class='ocrx_word' id='word_1_84' title='bbox 1266 1320 1333 1381; x_wconf 88' lang='grc'><strong>100.</strong></span> <span class='ocrx_word' id='word_1_85' title='bbox 1350 1321 1468 1382; x_wconf 81' lang='lat' dir='ltr'><strong>Poeta.</strong></span> 
     </span>
     <span class='ocr_line' id='line_1_10' title="bbox 215 1413 1471 1501; baseline 0.002 -21"><span class='ocrx_word' id='word_1_86' title='bbox 215 1417 287 1480; x_wconf 86' lang='lat' dir='ltr'><strong>Liv.</strong></span> <span class='ocrx_word' id='word_1_87' title='bbox 318 1420 437 1483; x_wconf 87' lang='lat' dir='ltr'><strong>Justin.</strong></span> <span class='ocrx_word' id='word_1_88' title='bbox 460 1421 585 1484; x_wconf 79' lang='lat' dir='ltr'><strong>Cicero:</strong></span> <span class='ocrx_word' id='word_1_89' title='bbox 609 1417 721 1481; x_wconf 87' lang='lat' dir='ltr'><strong>transl.</strong></span> <span class='ocrx_word' id='word_1_90' title='bbox 745 1417 985 1496; x_wconf 87' lang='lat' dir='ltr'><strong>significatione.</strong></span> <span class='ocrx_word' id='word_1_91' title='bbox 1028 1413 1194 1501; x_wconf 72' lang='lat' dir='ltr'><strong>Discrepot</strong></span> <span class='ocrx_word' id='word_1_92' title='bbox 1216 1419 1471 1499; x_wconf 73' lang='lat' dir='ltr'><strong>impersonaliter</strong></span> 
     </span>
     <span class='ocr_line' id='line_1_11' title="bbox 216 1516 1469 1601; baseline 0.002 -21"><span class='ocrx_word' id='word_1_93' title='bbox 216 1519 350 1597; x_wconf 86' lang='lat' dir='ltr'><strong>positum</strong></span> <span class='ocrx_word' id='word_1_94' title='bbox 385 1531 434 1583; x_wconf 89' lang='lat' dir='ltr'><strong>est</strong></span> <span class='ocrx_word' id='word_1_95' title='bbox 457 1520 709 1601; x_wconf 81' lang='lat' dir='ltr'><strong>frequentissime</strong></span> <span class='ocrx_word' id='word_1_96' title='bbox 731 1517 815 1597; x_wconf 90' lang='lat' dir='ltr'><strong>apud</strong></span> <span class='ocrx_word' id='word_1_97' title='bbox 836 1516 969 1588; x_wconf 87' lang='lat' dir='ltr'><strong>Livium,</strong></span> <span class='ocrx_word' id='word_1_98' title='bbox 992 1518 1111 1580; x_wconf 90' lang='lat' dir='ltr'><strong>duobus</strong></span> <span class='ocrx_word' id='word_1_99' title='bbox 1135 1518 1211 1582; x_wconf 89' lang='lat' dir='ltr'><strong>locis</strong></span> <span class='ocrx_word' id='word_1_100' title='bbox 1234 1521 1316 1600; x_wconf 88' lang='lat' dir='ltr'><strong>apud</strong></span> <span class='ocrx_word' id='word_1_101' title='bbox 1339 1521 1469 1583; x_wconf 85' lang='lat' dir='ltr'><strong>Sueten.</strong></span> 
     </span>
     <span class='ocr_line' id='line_1_12' title="bbox 215 1615 1471 1702; baseline 0.004 -23"><span class='ocrx_word' id='word_1_102' title='bbox 215 1618 284 1680; x_wconf 92' lang='lat' dir='ltr'><strong>Vit.</strong></span> <span class='ocrx_word' id='word_1_103' title='bbox 308 1620 338 1693; x_wconf 85' lang='lat'><strong>2,</strong></span> <span class='ocrx_word' id='word_1_104' title='bbox 362 1621 409 1684; x_wconf 81' lang='grc'><strong>(11.</strong></span> <span class='ocrx_word' id='word_1_105' title='bbox 433 1622 475 1684; x_wconf 92' lang='grc'><strong>44</strong></span> <span class='ocrx_word' id='word_1_106' title='bbox 507 1623 666 1702; x_wconf 75' lang='lat' dir='ltr'><strong>discrepat</strong></span> <span class='ocrx_word' id='word_1_107' title='bbox 698 1618 759 1680; x_wconf 89' lang='lat' dir='ltr'><strong>ubi.</strong></span> <span class='ocrx_word' id='word_1_108' title='bbox 804 1615 957 1700; x_wconf 78' lang='lat' dir='ltr'><strong>Diajicere</strong></span> <span class='ocrx_word' id='word_1_109' title='bbox 989 1619 1100 1680; x_wconf 86' lang='lat' dir='ltr'><strong>transl.</strong></span> <span class='ocrx_word' id='word_1_110' title='bbox 1130 1620 1159 1679; x_wconf 93' lang='lat' dir='ltr'><strong>vi</strong></span> <span class='ocrx_word' id='word_1_111' title='bbox 1183 1617 1219 1682; x_wconf 92' lang='grc'><strong>(1.</strong></span> <span class='ocrx_word' id='word_1_112' title='bbox 1244 1622 1284 1682; x_wconf 84' lang='grc'><strong>42</strong></span> <span class='ocrx_word' id='word_1_113' title='bbox 1306 1631 1471 1702; x_wconf 76' lang='lat' dir='ltr'><strong>exspecta-</strong></span> 
     </span>
     <span class='ocr_line' id='line_1_13' title="bbox 215 1717 1470 1802; baseline 0.006 -22"><span class='ocrx_word' id='word_1_114' title='bbox 215 1717 340 1795; x_wconf 79' lang='lat' dir='ltr'><strong>tionem,</strong></span> <span class='ocrx_word' id='word_1_115' title='bbox 363 1723 399 1784; x_wconf 88' lang='grc' dir='ltr'><strong>Τ.</strong></span> <span class='ocrx_word' id='word_1_116' title='bbox 423 1720 470 1784; x_wconf 67' lang='grc'><strong>61</strong></span> <span class='ocrx_word' id='word_1_117' title='bbox 487 1723 632 1797; x_wconf 83' lang='lat' dir='ltr'><strong>oracula3</strong></span> <span class='ocrx_word' id='word_1_118' title='bbox 655 1738 774 1800; x_wconf 88' lang='lat' dir='ltr'><strong>pacem,</strong></span> <span class='ocrx_word' id='word_1_119' title='bbox 797 1718 929 1782; x_wconf 87' lang='lat' dir='ltr'><strong>consilia</strong></span> <span class='ocrx_word' id='word_1_120' title='bbox 950 1719 1021 1781; x_wconf 90' lang='lat' dir='ltr'><strong>Liv.</strong></span> <span class='ocrx_word' id='word_1_121' title='bbox 1045 1719 1138 1782; x_wconf 83' lang='lat' dir='ltr'><strong>Corn.</strong></span> <span class='ocrx_word' id='word_1_122' title='bbox 1162 1720 1243 1800; x_wconf 88' lang='lat' dir='ltr'><strong>Nep.</strong></span> <span class='ocrx_word' id='word_1_123' title='bbox 1268 1721 1351 1783; x_wconf 90' lang='lat' dir='ltr'><strong>Vell.</strong></span> <span class='ocrx_word' id='word_1_124' title='bbox 1378 1721 1470 1802; x_wconf 77' lang='lat' dir='ltr'><strong>Verg.</strong></span> 
     </span>
     <span class='ocr_line' id='line_1_14' title="bbox 211 1817 1470 1902; baseline 0 -18"><span class='ocrx_word' id='word_1_125' title='bbox 211 1817 408 1902; x_wconf 80' lang='lat' dir='ltr'><strong>Dispeadcre</strong></span> <span class='ocrx_word' id='word_1_126' title='bbox 432 1842 493 1885; x_wconf 86' lang='lat' dir='ltr'><strong>vox</strong></span> <span class='ocrx_word' id='word_1_127' title='bbox 525 1822 685 1895; x_wconf 87' lang='lat' dir='ltr'><strong>Plautina,</strong></span> <span class='ocrx_word' id='word_1_128' title='bbox 707 1821 800 1882; x_wconf 88' lang='lat' dir='ltr'><strong>Dom.</strong></span> <span class='ocrx_word' id='word_1_129' title='bbox 827 1819 874 1880; x_wconf 88' lang='lat'><strong>19.</strong></span> <span class='ocrx_word' id='word_1_130' title='bbox 899 1819 1060 1898; x_wconf 79' lang='lat' dir='ltr'><strong>Dispersa</strong></span> <span class='ocrx_word' id='word_1_131' title='bbox 1083 1820 1200 1882; x_wconf 78' lang='lat' dir='ltr'><strong>dextra</strong></span> <span class='ocrx_word' id='word_1_132' title='bbox 1222 1841 1341 1885; x_wconf 77' lang='lat' dir='ltr'><strong>ritanus·</strong></span> <span class='ocrx_word' id='word_1_133' title='bbox 1356 1823 1470 1901; x_wconf 75' lang='lat' dir='ltr'><strong>palma.</strong></span> 
     </span>
     <span class='ocr_line' id='line_1_15' title="bbox 211 1917 1469 2003; baseline 0.001 -21"><span class='ocrx_word' id='word_1_134' title='bbox 211 1917 421 2003; x_wconf 79' lang='lat' dir='ltr'><strong>¹Dt&#39;epensutcr</strong></span> <span class='ocrx_word' id='word_1_135' title='bbox 456 1943 565 1986; x_wconf 87' lang='lat' dir='ltr'><strong>servus</strong></span> <span class='ocrx_word' id='word_1_136' title='bbox 600 1923 645 1985; x_wconf 89' lang='lat' dir='ltr'><strong>rei</strong></span> <span class='ocrx_word' id='word_1_137' title='bbox 681 1919 839 1992; x_wconf 77' lang='lat' dir='ltr'><strong>familiari,</strong></span> <span class='ocrx_word' id='word_1_138' title='bbox 861 1920 997 1982; x_wconf 45' lang='lat' dir='ltr'><strong>‘maxime</strong></span> <span class='ocrx_word' id='word_1_139' title='bbox 1021 1920 1207 2000; x_wconf 81' lang='lat' dir='ltr'><strong>pecuniaria</strong></span> <span class='ocrx_word' id='word_1_140' title='bbox 1230 1923 1406 2001; x_wconf 80' lang='lat' dir='ltr'><strong>praeiectus,</strong></span> <span class='ocrx_word' id='word_1_141' title='bbox 1427 1921 1469 1986; x_wconf 80' lang='lat' dir='ltr'><strong>A.</strong></span> 
     </span>
     <span class='ocr_line' id='line_1_16' title="bbox 215 2017 1469 2104; baseline 0.002 -22"><span class='ocrx_word' id='word_1_142' title='bbox 215 2017 266 2082; x_wconf 84' lang='lat' dir='ltr'><strong>tt.</strong></span> <span class='ocrx_word' id='word_1_143' title='bbox 300 2021 343 2084; x_wconf 87' lang='grc' dir='ltr'><strong>Ν.</strong></span> <span class='ocrx_word' id='word_1_144' title='bbox 375 2023 427 2086; x_wconf 86' lang='grc'><strong>44.</strong></span> <span class='ocrx_word' id='word_1_145' title='bbox 450 2024 550 2104; x_wconf 88' lang='lat' dir='ltr'><strong>Vesp.</strong></span> <span class='ocrx_word' id='word_1_146' title='bbox 574 2025 631 2098; x_wconf 76' lang='lat'><strong>223</strong></span> <span class='ocrx_word' id='word_1_147' title='bbox 664 2020 861 2101; x_wconf 75' lang='lat' dir='ltr'><strong>dispensatio</strong></span> <span class='ocrx_word' id='word_1_148' title='bbox 888 2047 922 2079; x_wconf 84' lang='lat'>=</span> <span class='ocrx_word' id='word_1_149' title='bbox 948 2039 1056 2082; x_wconf 86' lang='lat' dir='ltr'><strong>rnnous</strong></span> <span class='ocrx_word' id='word_1_150' title='bbox 1080 2019 1308 2101; x_wconf 86' lang='lat' dir='ltr'><strong>dispensatoris</strong></span> <span class='ocrx_word' id='word_1_151' title='bbox 1332 2021 1417 2086; x_wconf 91' lang='lat' dir='ltr'><strong>Otho</strong></span> <span class='ocrx_word' id='word_1_152' title='bbox 1440 2024 1469 2084; x_wconf 85' lang='lat'><strong>5.</strong></span> 
     </span>
     <span class='ocr_line' id='line_1_17' title="bbox 217 2117 1472 2210; baseline 0.002 -27"><span class='ocrx_word' id='word_1_153' title='bbox 217 2120 317 2202; x_wconf 89' lang='lat' dir='ltr'><strong>Vesp.</strong></span> <span class='ocrx_word' id='word_1_154' title='bbox 340 2123 392 2184; x_wconf 82' lang='grc'><strong>23.</strong></span> <span class='ocrx_word' id='word_1_155' title='bbox 416 2124 500 2186; x_wconf 90' lang='lat' dir='ltr'><strong>Plin.</strong></span> <span class='ocrx_word' id='word_1_156' title='bbox 514 2125 636 2210; x_wconf 83' lang='lat' dir='ltr'><strong>major.</strong></span> <span class='ocrx_word' id='word_1_157' title='bbox 661 2122 776 2194; x_wconf 76' lang='lat' dir='ltr'><strong>Quint.</strong></span> <span class='ocrx_word' id='word_1_158' title='bbox 796 2123 913 2184; x_wconf 70' lang='lat' dir='ltr'><strong>Varro.</strong></span> <span class='ocrx_word' id='word_1_159' title='bbox 947 2119 1076 2184; x_wconf 71' lang='lat' dir='ltr'><strong>Dionaeo</strong></span> <span class='ocrx_word' id='word_1_160' title='bbox 1098 2121 1166 2184; x_wconf 81' lang='lat' dir='ltr'><strong>cat.</strong></span> <span class='ocrx_word' id='word_1_161' title='bbox 1190 2117 1241 2183; x_wconf 90' lang='grc'><strong>27.</strong></span> <span class='ocrx_word' id='word_1_162' title='bbox 1265 2123 1346 2186; x_wconf 85' lang='grc' dir='ltr'><strong>Ρ11ε.</strong></span> <span class='ocrx_word' id='word_1_163' title='bbox 1360 2123 1472 2203; x_wconf 88' lang='lat' dir='ltr'><strong>major,</strong></span> 
     </span>
     <span class='ocr_line' id='line_1_18' title="bbox 216 2216 1472 2306; baseline 0.003 -22"><span class='ocrx_word' id='word_1_164' title='bbox 216 2239 286 2303; x_wconf 79' lang='lat' dir='ltr'><strong>qua</strong></span> <span class='ocrx_word' id='word_1_165' title='bbox 307 2243 370 2285; x_wconf 86' lang='lat' dir='ltr'><strong>vox</strong></span> <span class='ocrx_word' id='word_1_166' title='bbox 393 2221 466 2286; x_wconf 83' lang='lat' dir='ltr'><strong>rara</strong></span> <span class='ocrx_word' id='word_1_167' title='bbox 488 2235 537 2288; x_wconf 90' lang='lat' dir='ltr'><strong>est</strong></span> <span class='ocrx_word' id='word_1_168' title='bbox 558 2245 615 2306; x_wconf 87' lang='lat' dir='ltr'><strong>pro</strong></span> <span class='ocrx_word' id='word_1_169' title='bbox 638 2216 784 2286; x_wconf 78' lang='lat' dir='ltr'><strong>”secare”.</strong></span> <span class='ocrx_word' id='word_1_170' title='bbox 829 2219 1041 2284; x_wconf 80' lang='lat' dir='ltr'><strong>Dissimulare</strong></span> <span class='ocrx_word' id='word_1_171' title='bbox 1064 2222 1106 2284; x_wconf 90' lang='lat' dir='ltr'><strong>N.</strong></span> <span class='ocrx_word' id='word_1_172' title='bbox 1128 2220 1170 2284; x_wconf 83' lang='lat'><strong>37</strong></span> <span class='ocrx_word' id='word_1_173' title='bbox 1191 2223 1391 2288; x_wconf 83' lang='lat' dir='ltr'><strong>dissimulata</strong></span> <span class='ocrx_word' id='word_1_174' title='bbox 1413 2225 1472 2288; x_wconf 86' lang='lat' dir='ltr'><strong>Se-</strong></span> 
     </span>
     <span class='ocr_line' id='line_1_19' title="bbox 214 2322 1470 2404; baseline 0.002 -21"><span class='ocrx_word' id='word_1_175' title='bbox 214 2331 307 2384; x_wconf 86' lang='lat' dir='ltr'><strong>natus</strong></span> <span class='ocrx_word' id='word_1_176' title='bbox 330 2325 489 2388; x_wconf 81' lang='lat' dir='ltr'><strong>mentione</strong></span> <span class='ocrx_word' id='word_1_177' title='bbox 510 2327 621 2391; x_wconf 89' lang='lat' dir='ltr'><strong>eadem</strong></span> <span class='ocrx_word' id='word_1_178' title='bbox 646 2327 711 2387; x_wconf 84' lang='lat' dir='ltr'><strong>sere</strong></span> <span class='ocrx_word' id='word_1_179' title='bbox 734 2323 765 2384; x_wconf 87' lang='lat' dir='ltr'><strong>vi</strong></span> <span class='ocrx_word' id='word_1_180' title='bbox 788 2342 850 2404; x_wconf 92' lang='lat' dir='ltr'><strong>qna</strong></span> <span class='ocrx_word' id='word_1_181' title='bbox 872 2322 999 2402; x_wconf 75' lang='lat' dir='ltr'><strong>silentio</strong></span> <span class='ocrx_word' id='word_1_182' title='bbox 1023 2323 1194 2402; x_wconf 73' lang='lat' dir='ltr'><strong>praeterire.</strong></span> <span class='ocrx_word' id='word_1_183' title='bbox 1229 2322 1470 2390; x_wconf 58' lang='lat' dir='ltr'><strong>Dieoerrtma</strong></span> 
     </span>
     <span class='ocr_line' id='line_1_20' title="bbox 216 2422 1470 2497; baseline 0.001 -13"><span class='ocrx_word' id='word_1_184' title='bbox 216 2422 293 2485; x_wconf 89' lang='lat' dir='ltr'><strong>cibis</strong></span> <span class='ocrx_word' id='word_1_185' title='bbox 316 2426 450 2488; x_wconf 81' lang='lat' dir='ltr'><strong>refertus</strong></span> <span class='ocrx_word' id='word_1_186' title='bbox 472 2425 520 2489; x_wconf 83' lang='grc'><strong>(11.</strong></span> <span class='ocrx_word' id='word_1_187' title='bbox 543 2428 584 2488; x_wconf 84' lang='grc'><strong>32</strong></span> <span class='ocrx_word' id='word_1_188' title='bbox 608 2427 735 2488; x_wconf 88' lang='lat' dir='ltr'><strong>madens</strong></span> <span class='ocrx_word' id='word_1_189' title='bbox 758 2443 796 2484; x_wconf 89' lang='lat' dir='ltr'><strong>ac</strong></span> <span class='ocrx_word' id='word_1_190' title='bbox 819 2423 983 2496; x_wconf 86' lang='lat' dir='ltr'><strong>distentus,</strong></span> <span class='ocrx_word' id='word_1_191' title='bbox 994 2424 1071 2486; x_wconf 89' lang='lat' dir='ltr'><strong>uber</strong></span> <span class='ocrx_word' id='word_1_192' title='bbox 1083 2423 1252 2486; x_wconf 89' lang='lat' dir='ltr'><strong>distentum</strong></span> <span class='ocrx_word' id='word_1_193' title='bbox 1266 2425 1344 2486; x_wconf 88' lang='lat' dir='ltr'><strong>Hor.</strong></span> <span class='ocrx_word' id='word_1_194' title='bbox 1361 2423 1470 2497; x_wconf 79' lang='lat' dir='ltr'><strong>Quint.</strong></span> 
     </span>
    </p>
   </div>
   <div class='ocr_carea' id='block_1_3' title="bbox 215 2505 1595 2607">
    <p class='ocr_par' dir='ltr' id='par_1_3' title="bbox 215 2505 1595 2607">
     <span class='ocr_line' id='line_1_21' title="bbox 215 2505 1595 2607; baseline 0 -21"><span class='ocrx_word' id='word_1_195' title='bbox 215 2523 298 2586; x_wconf 88' lang='lat' dir='ltr'><strong>Plio.</strong></span> <span class='ocrx_word' id='word_1_196' title='bbox 322 2526 441 2607; x_wconf 85' lang='lat' dir='ltr'><strong>Paneg.</strong></span> <span class='ocrx_word' id='word_1_197' title='bbox 486 2525 668 2590; x_wconf 78' lang='lat' dir='ltr'><strong>Dietrulrore</strong></span> <span class='ocrx_word' id='word_1_198' title='bbox 689 2526 710 2586; x_wconf 89' lang='lat' dir='ltr'><strong>i.</strong></span> <span class='ocrx_word' id='word_1_199' title='bbox 735 2545 760 2584; x_wconf 91' lang='lat' dir='ltr'><strong>s.</strong></span> <span class='ocrx_word' id='word_1_200' title='bbox 785 2541 814 2604; x_wconf 90' lang='lat' dir='ltr'><strong>q.</strong></span> <span class='ocrx_word' id='word_1_201' title='bbox 839 2523 1008 2584; x_wconf 86' lang='lat' dir='ltr'><strong>divendere</strong></span> <span class='ocrx_word' id='word_1_202' title='bbox 1032 2521 1099 2584; x_wconf 83' lang='lat' dir='ltr'><strong>Cal.</strong></span> <span class='ocrx_word' id='word_1_203' title='bbox 1124 2522 1174 2586; x_wconf 83' lang='lat'><strong>39.</strong></span> <span class='ocrx_word' id='word_1_204' title='bbox 1199 2525 1298 2605; x_wconf 87' lang='lat' dir='ltr'><strong>Vesp.</strong></span> <span class='ocrx_word' id='word_1_205' title='bbox 1322 2524 1372 2587; x_wconf 87' lang='grc'><strong>26.</strong></span> <span class='ocrx_word' id='word_1_206' title='bbox 1396 2528 1470 2589; x_wconf 85' lang='grc' dir='ltr'><strong>Τεε.</strong></span> <span class='ocrx_word' id='word_1_207' title='bbox 1593 2505 1595 2509; x_wconf 31' lang='lat'>⁵</span> 
     </span>
    </p>
   </div>
   <div class='ocr_carea' id='block_1_4' title="bbox 130 2622 1472 4321">
    <p class='ocr_par' dir='ltr' id='par_1_4' title="bbox 130 2622 1472 4321">
     <span class='ocr_line' id='line_1_22' title="bbox 214 2622 1471 2703; baseline 0.002 -17"><span class='ocrx_word' id='word_1_208' title='bbox 214 2624 297 2686; x_wconf 83' lang='lat' dir='ltr'><strong>Anu.</strong></span> <span class='ocrx_word' id='word_1_209' title='bbox 333 2627 363 2688; x_wconf 86' lang='lat' dir='ltr'><strong>li.</strong></span> <span class='ocrx_word' id='word_1_210' title='bbox 402 2622 449 2690; x_wconf 94' lang='grc'><strong>17.</strong></span> <span class='ocrx_word' id='word_1_211' title='bbox 480 2623 509 2689; x_wconf 91' lang='grc'><strong>7.</strong></span> <span class='ocrx_word' id='word_1_212' title='bbox 533 2628 649 2690; x_wconf 81' lang='lat' dir='ltr'><strong>lustin.</strong></span> <span class='ocrx_word' id='word_1_213' title='bbox 675 2625 758 2689; x_wconf 87' lang='lat' dir='ltr'><strong>Gell.</strong></span> <span class='ocrx_word' id='word_1_214' title='bbox 782 2625 866 2703; x_wconf 90' lang='lat' dir='ltr'><strong>Dig.‚</strong></span> <span class='ocrx_word' id='word_1_215' title='bbox 888 2653 919 2690; x_wconf 70' lang='grc' dir='ltr'><strong>-τ,</strong></span> <span class='ocrx_word' id='word_1_216' title='bbox 943 2623 1116 2685; x_wconf 86' lang='lat' dir='ltr'><strong>dissolvere</strong></span> <span class='ocrx_word' id='word_1_217' title='bbox 1140 2623 1174 2685; x_wconf 85' lang='lat'><strong>0.</strong></span> <span class='ocrx_word' id='word_1_218' title='bbox 1198 2625 1249 2697; x_wconf 83' lang='lat'><strong>42,</strong></span> <span class='ocrx_word' id='word_1_219' title='bbox 1272 2653 1303 2676; x_wconf 83' lang='lat'><strong><em>=</em></strong></span> <span class='ocrx_word' id='word_1_220' title='bbox 1326 2624 1471 2688; x_wconf 85' lang='lat' dir='ltr'><strong>dirimere</strong></span> 
     </span>
     <span class='ocr_line' id='line_1_23' title="bbox 215 2722 1469 2804; baseline 0.002 -18"><span class='ocrx_word' id='word_1_221' title='bbox 215 2723 250 2786; x_wconf 95' lang='grc'><strong>(1.</strong></span> <span class='ocrx_word' id='word_1_222' title='bbox 283 2724 336 2787; x_wconf 75' lang='lat'><strong>85.</strong></span> <span class='ocrx_word' id='word_1_223' title='bbox 372 2726 438 2789; x_wconf 81' lang='lat' dir='ltr'><strong>oie.</strong></span> <span class='ocrx_word' id='word_1_224' title='bbox 483 2726 596 2790; x_wconf 81' lang='lat' dir='ltr'><strong>Ditcre</strong></span> <span class='ocrx_word' id='word_1_225' title='bbox 627 2757 659 2782; x_wconf 92' lang='lat'><strong><em>=</em></strong></span> <span class='ocrx_word' id='word_1_226' title='bbox 694 2723 885 2804; x_wconf 89' lang='lat' dir='ltr'><strong>locupletare</strong></span> <span class='ocrx_word' id='word_1_227' title='bbox 918 2723 958 2784; x_wconf 90' lang='lat' dir='ltr'><strong>N.</strong></span> <span class='ocrx_word' id='word_1_228' title='bbox 983 2722 1014 2785; x_wconf 87' lang='lat'><strong>6.</strong></span> <span class='ocrx_word' id='word_1_229' title='bbox 1039 2723 1143 2786; x_wconf 84' lang='lat' dir='ltr'><strong>Galba</strong></span> <span class='ocrx_word' id='word_1_230' title='bbox 1165 2723 1195 2786; x_wconf 83' lang='lat' dir='ltr'><strong>b.</strong></span> <span class='ocrx_word' id='word_1_231' title='bbox 1218 2724 1332 2788; x_wconf 89' lang='lat' dir='ltr'><strong>Livius</strong></span> <span class='ocrx_word' id='word_1_232' title='bbox 1354 2727 1469 2790; x_wconf 79' lang='lat' dir='ltr'><strong>Poeta.</strong></span> 
     </span>
     <span class='ocr_line' id='line_1_24' title="bbox 212 2817 1472 2909; baseline 0.003 -23"><span class='ocrx_word' id='word_1_233' title='bbox 212 2817 387 2888; x_wconf 79' lang='lat' dir='ltr'><strong>Dicernitos</strong></span> <span class='ocrx_word' id='word_1_234' title='bbox 400 2828 429 2909; x_wconf 85' lang='lat'><strong>²)</strong></span> <span class='ocrx_word' id='word_1_235' title='bbox 483 2847 539 2908; x_wconf 88' lang='lat' dir='ltr'><strong>pro</strong></span> <span class='ocrx_word' id='word_1_236' title='bbox 578 2827 773 2890; x_wconf 85' lang='lat' dir='ltr'><strong>dissensione</strong></span> <span class='ocrx_word' id='word_1_237' title='bbox 807 2822 874 2887; x_wconf 86' lang='lat' dir='ltr'><strong>Gal.</strong></span> <span class='ocrx_word' id='word_1_238' title='bbox 909 2823 929 2882; x_wconf 89' lang='grc'>8</span> <span class='ocrx_word' id='word_1_239' title='bbox 962 2824 1111 2886; x_wconf 86' lang='lat' dir='ltr'><strong>incertum</strong></span> <span class='ocrx_word' id='word_1_240' title='bbox 1142 2825 1310 2887; x_wconf 87' lang='lat' dir='ltr'><strong>diversitas</strong></span> <span class='ocrx_word' id='word_1_241' title='bbox 1342 2829 1472 2890; x_wconf 89' lang='lat' dir='ltr'><strong>traden-</strong></span> 
     </span>
     <span class='ocr_line' id='line_1_25' title="bbox 216 2923 1472 3008; baseline 0.003 -22"><span class='ocrx_word' id='word_1_242' title='bbox 216 2925 294 2986; x_wconf 87' lang='lat' dir='ltr'><strong>tium</strong></span> <span class='ocrx_word' id='word_1_243' title='bbox 331 2927 418 3002; x_wconf 82' lang='lat' dir='ltr'><strong>t&#39;acit,</strong></span> <span class='ocrx_word' id='word_1_244' title='bbox 453 2927 566 3000; x_wconf 80' lang='lat' dir='ltr'><strong>Quint.</strong></span> <span class='ocrx_word' id='word_1_245' title='bbox 601 2929 675 2990; x_wconf 88' lang='lat' dir='ltr'><strong>Tae.</strong></span> <span class='ocrx_word' id='word_1_246' title='bbox 710 2927 784 2991; x_wconf 82' lang='lat' dir='ltr'><strong>Seu.</strong></span> <span class='ocrx_word' id='word_1_247' title='bbox 808 2934 946 3005; x_wconf 80' lang='lat' dir='ltr'><strong>uterque</strong></span> <span class='ocrx_word' id='word_1_248' title='bbox 981 2925 1114 2988; x_wconf 87' lang='lat' dir='ltr'><strong>Plinius.</strong></span> <span class='ocrx_word' id='word_1_249' title='bbox 1159 2923 1310 2988; x_wconf 79' lang='lat' dir='ltr'><strong>Diversus</strong></span> <span class='ocrx_word' id='word_1_250' title='bbox 1336 2947 1392 3008; x_wconf 90' lang='lat' dir='ltr'><strong>pro</strong></span> <span class='ocrx_word' id='word_1_251' title='bbox 1415 2930 1472 2989; x_wconf 90' lang='lat' dir='ltr'><strong>ad·</strong></span> 
     </span>
     <span class='ocr_line' id='line_1_26' title="bbox 215 3025 1471 3109; baseline 0.007 -24"><span class='ocrx_word' id='word_1_252' title='bbox 215 3043 318 3100; x_wconf 85' lang='lat' dir='ltr'><strong>verso,</strong></span> <span class='ocrx_word' id='word_1_253' title='bbox 353 3030 513 3093; x_wconf 86' lang='lat' dir='ltr'><strong>contrario</strong></span> <span class='ocrx_word' id='word_1_254' title='bbox 547 3031 613 3092; x_wconf 91' lang='lat' dir='ltr'><strong>sim.</strong></span> <span class='ocrx_word' id='word_1_255' title='bbox 644 3048 725 3109; x_wconf 81' lang='lat' dir='ltr'><strong>sape</strong></span> <span class='ocrx_word' id='word_1_256' title='bbox 747 3046 800 3107; x_wconf 90' lang='lat' dir='ltr'><strong>ap.</strong></span> <span class='ocrx_word' id='word_1_257' title='bbox 824 3026 912 3090; x_wconf 85' lang='lat' dir='ltr'><strong>Suet.</strong></span> <span class='ocrx_word' id='word_1_258' title='bbox 937 3027 1096 3088; x_wconf 86' lang='lat' dir='ltr'><strong>invenitor</strong></span> <span class='ocrx_word' id='word_1_259' title='bbox 1119 3027 1203 3089; x_wconf 88' lang='lat' dir='ltr'><strong>velut</strong></span> <span class='ocrx_word' id='word_1_260' title='bbox 1225 3025 1260 3092; x_wconf 90' lang='grc'><strong>(1.</strong></span> <span class='ocrx_word' id='word_1_261' title='bbox 1288 3030 1314 3090; x_wconf 92' lang='lat' dir='ltr'><strong>l.</strong></span> <span class='ocrx_word' id='word_1_262' title='bbox 1339 3030 1471 3094; x_wconf 84' lang='lat' dir='ltr'><strong>diversae</strong></span> 
     </span>
     <span class='ocr_line' id='line_1_27' title="bbox 217 3124 1472 3212; baseline 0.006 -24"><span class='ocrx_word' id='word_1_263' title='bbox 217 3136 325 3206; x_wconf 88' lang='lat' dir='ltr'><strong>partes</strong></span> <span class='ocrx_word' id='word_1_264' title='bbox 356 3130 430 3193; x_wconf 88' lang='lat' dir='ltr'><strong>Liv.</strong></span> <span class='ocrx_word' id='word_1_265' title='bbox 454 3133 544 3194; x_wconf 86' lang='lat' dir='ltr'><strong>Post.</strong></span> <span class='ocrx_word' id='word_1_266' title='bbox 569 3130 634 3194; x_wconf 89' lang='lat' dir='ltr'><strong>Gic.</strong></span> <span class='ocrx_word' id='word_1_267' title='bbox 659 3130 762 3194; x_wconf 85' lang='lat' dir='ltr'><strong>Acad.</strong></span> <span class='ocrx_word' id='word_1_268' title='bbox 787 3147 835 3209; x_wconf 89' lang='lat' dir='ltr'><strong>pr.</strong></span> <span class='ocrx_word' id='word_1_269' title='bbox 859 3131 889 3189; x_wconf 85' lang='lat'><strong>2.</strong></span> <span class='ocrx_word' id='word_1_270' title='bbox 913 3129 965 3190; x_wconf 85' lang='grc'><strong>32.</strong></span> <span class='ocrx_word' id='word_1_271' title='bbox 1010 3124 1217 3210; x_wconf 83' lang='lat' dir='ltr'><strong>Deuarcpro</strong></span> <span class='ocrx_word' id='word_1_272' title='bbox 1241 3133 1382 3212; x_wconf 87' lang='lat' dir='ltr'><strong>eoquod</strong></span> <span class='ocrx_word' id='word_1_273' title='bbox 1407 3135 1472 3195; x_wconf 88' lang='lat' dir='ltr'><strong>osi·</strong></span> 
     </span>
     <span class='ocr_line' id='line_1_28' title="bbox 215 3229 1471 3324; baseline 0.004 -34"><span class='ocrx_word' id='word_1_274' title='bbox 215 3229 315 3292; x_wconf 88' lang='lat' dir='ltr'><strong>tatius</strong></span> <span class='ocrx_word' id='word_1_275' title='bbox 349 3241 398 3294; x_wconf 88' lang='lat' dir='ltr'><strong>est</strong></span> <span class='ocrx_word' id='word_1_276' title='bbox 430 3233 608 3295; x_wconf 83' lang='lat' dir='ltr'><strong>condonare</strong></span> <span class='ocrx_word' id='word_1_277' title='bbox 642 3231 727 3296; x_wconf 58' lang='lat' dir='ltr'><strong>rab</strong></span> <span class='ocrx_word' id='word_1_278' title='bbox 761 3249 853 3312; x_wconf 90' lang='lat' dir='ltr'><strong>quum</strong></span> <span class='ocrx_word' id='word_1_279' title='bbox 877 3230 1242 3324; x_wconf 83' lang='lat' dir='ltr'><strong>peteretdonariqnasi</strong></span> <span class='ocrx_word' id='word_1_280' title='bbox 1266 3234 1471 3314; x_wconf 86' lang='lat' dir='ltr'><strong>propriosne</strong></span> 
     </span>
     <span class='ocr_line' id='line_1_29' title="bbox 214 3329 1471 3415; baseline 0.006 -24"><span class='ocrx_word' id='word_1_281' title='bbox 214 3349 251 3392; x_wconf 90' lang='lat' dir='ltr'><strong>ac</strong></span> <span class='ocrx_word' id='word_1_282' title='bbox 287 3332 436 3413; x_wconf 88' lang='lat' dir='ltr'><strong>peculiari</strong></span> <span class='ocrx_word' id='word_1_283' title='bbox 470 3335 549 3398; x_wconf 88' lang='lat' dir='ltr'><strong>Deo.</strong></span> <span class='ocrx_word' id='word_1_284' title='bbox 580 3334 636 3399; x_wconf 87' lang='lat' dir='ltr'><strong>Sil.</strong></span> <span class='ocrx_word' id='word_1_285' title='bbox 664 3333 712 3396; x_wconf 86' lang='lat' dir='ltr'><strong>lb.</strong></span> <span class='ocrx_word' id='word_1_286' title='bbox 739 3331 797 3394; x_wconf 81' lang='lat'><strong>103</strong></span> <span class='ocrx_word' id='word_1_287' title='bbox 816 3331 906 3394; x_wconf 84' lang='lat' dir='ltr'><strong>iram</strong></span> <span class='ocrx_word' id='word_1_288' title='bbox 929 3331 1052 3412; x_wconf 88' lang='lat' dir='ltr'><strong>patriae.</strong></span> <span class='ocrx_word' id='word_1_289' title='bbox 1096 3329 1296 3406; x_wconf 69' lang='lat' dir='ltr'><strong>Donatistae,</strong></span> <span class='ocrx_word' id='word_1_290' title='bbox 1320 3355 1386 3415; x_wconf 87' lang='lat' dir='ltr'><strong>quae</strong></span> <span class='ocrx_word' id='word_1_291' title='bbox 1409 3355 1471 3397; x_wconf 85' lang='lat' dir='ltr'><strong>vox</strong></span> 
     </span>
     <span class='ocr_line' id='line_1_30' title="bbox 217 3431 1471 3516; baseline 0.003 -23"><span class='ocrx_word' id='word_1_292' title='bbox 217 3431 373 3496; x_wconf 79' lang='lat' dir='ltr'><strong>(lasarum</strong></span> <span class='ocrx_word' id='word_1_293' title='bbox 410 3434 530 3498; x_wconf 87' lang='lat' dir='ltr'><strong>demum</strong></span> <span class='ocrx_word' id='word_1_294' title='bbox 554 3435 743 3516; x_wconf 89' lang='lat' dir='ltr'><strong>temporibus</strong></span> <span class='ocrx_word' id='word_1_295' title='bbox 766 3434 796 3494; x_wconf 90' lang='lat' dir='ltr'><strong>in</strong></span> <span class='ocrx_word' id='word_1_296' title='bbox 820 3433 879 3494; x_wconf 85' lang='lat' dir='ltr'><strong>sol.</strong></span> <span class='ocrx_word' id='word_1_297' title='bbox 903 3431 1076 3494; x_wconf 88' lang='lat' dir='ltr'><strong>orationem</strong></span> <span class='ocrx_word' id='word_1_298' title='bbox 1099 3432 1312 3514; x_wconf 89' lang='lat' dir='ltr'><strong>immigrabat,</strong></span> <span class='ocrx_word' id='word_1_299' title='bbox 1335 3436 1471 3498; x_wconf 86' lang='lat' dir='ltr'><strong>vocaba-</strong></span> 
     </span>
     <span class='ocr_line' id='line_1_31' title="bbox 175 3533 1470 3617; baseline 0.005 -24"><span class='ocrx_word' id='word_1_300' title='bbox 175 3595 176 3602; x_wconf 46' lang='lat'><strong>,</strong></span> <span class='ocrx_word' id='word_1_301' title='bbox 216 3540 268 3594; x_wconf 85' lang='lat' dir='ltr'><strong>tur</strong></span> <span class='ocrx_word' id='word_1_302' title='bbox 304 3552 427 3609; x_wconf 88' lang='lat' dir='ltr'><strong>munus,</strong></span> <span class='ocrx_word' id='word_1_303' title='bbox 463 3555 524 3617; x_wconf 93' lang='lat' dir='ltr'><strong>quo</strong></span> <span class='ocrx_word' id='word_1_304' title='bbox 559 3536 671 3598; x_wconf 88' lang='lat' dir='ltr'><strong>milites</strong></span> <span class='ocrx_word' id='word_1_305' title='bbox 695 3534 854 3598; x_wconf 91' lang='lat' dir='ltr'><strong>donabant</strong></span> <span class='ocrx_word' id='word_1_306' title='bbox 876 3533 1094 3612; x_wconf 85' lang='lat' dir='ltr'><strong>imperatores.</strong></span> <span class='ocrx_word' id='word_1_307' title='bbox 1138 3533 1258 3596; x_wconf 87' lang='lat' dir='ltr'><strong>Postea</strong></span> <span class='ocrx_word' id='word_1_308' title='bbox 1280 3537 1470 3614; x_wconf 85' lang='lat' dir='ltr'><strong>congiarium</strong></span> 
     </span>
     <span class='ocr_line' id='line_1_32' title="bbox 215 3631 1470 3717; baseline 0.003 -23"><span class='ocrx_word' id='word_1_309' title='bbox 215 3631 436 3715; x_wconf 88' lang='lat' dir='ltr'><strong>intelligebant</strong></span> <span class='ocrx_word' id='word_1_310' title='bbox 469 3657 578 3700; x_wconf 87' lang='lat' dir='ltr'><strong>munus</strong></span> <span class='ocrx_word' id='word_1_311' title='bbox 611 3637 726 3717; x_wconf 91' lang='lat' dir='ltr'><strong>populo</strong></span> <span class='ocrx_word' id='word_1_312' title='bbox 766 3635 883 3707; x_wconf 89' lang='lat' dir='ltr'><strong>datum,</strong></span> <span class='ocrx_word' id='word_1_313' title='bbox 917 3634 965 3700; x_wconf 86' lang='lat' dir='ltr'><strong>cui</strong></span> <span class='ocrx_word' id='word_1_314' title='bbox 998 3634 1094 3695; x_wconf 81' lang='lat' dir='ltr'><strong>verbo</strong></span> <span class='ocrx_word' id='word_1_315' title='bbox 1128 3646 1251 3696; x_wconf 88' lang='lat' dir='ltr'><strong>veteres</strong></span> <span class='ocrx_word' id='word_1_316' title='bbox 1273 3637 1381 3716; x_wconf 86' lang='lat' dir='ltr'><strong>script.</strong></span> <span class='ocrx_word' id='word_1_317' title='bbox 1406 3634 1470 3700; x_wconf 79' lang='lat' dir='ltr'><strong>&#39;vim</strong></span> 
     </span>
     <span class='ocr_line' id='line_1_33' title="bbox 216 3733 1472 3819; baseline 0.003 -25"><span class='ocrx_word' id='word_1_318' title='bbox 216 3736 362 3810; x_wconf 86' lang='lat' dir='ltr'><strong>muueris,</strong></span> <span class='ocrx_word' id='word_1_319' title='bbox 385 3738 434 3798; x_wconf 81' lang='lat' dir='ltr'><strong>vel</strong></span> <span class='ocrx_word' id='word_1_320' title='bbox 458 3739 574 3819; x_wconf 92' lang='lat' dir='ltr'><strong>populo</strong></span> <span class='ocrx_word' id='word_1_321' title='bbox 597 3736 665 3798; x_wconf 89' lang='lat' dir='ltr'><strong>dati</strong></span> <span class='ocrx_word' id='word_1_322' title='bbox 688 3737 736 3798; x_wconf 87' lang='lat' dir='ltr'><strong>vel</strong></span> <span class='ocrx_word' id='word_1_323' title='bbox 762 3733 924 3807; x_wconf 88' lang='lat' dir='ltr'><strong>militibus,</strong></span> <span class='ocrx_word' id='word_1_324' title='bbox 946 3733 1155 3813; x_wconf 82' lang='lat' dir='ltr'><strong>subiecerunt.</strong></span> <span class='ocrx_word' id='word_1_325' title='bbox 1173 3736 1259 3798; x_wconf 89' lang='lat' dir='ltr'><strong>Suet.</strong></span> <span class='ocrx_word' id='word_1_326' title='bbox 1285 3737 1472 3819; x_wconf 80' lang='lat' dir='ltr'><strong>frequentis-</strong></span> 
     </span>
     <span class='ocr_line' id='line_1_34' title="bbox 130 3833 1471 3916; baseline 0.004 -22"><span class='ocrx_word' id='word_1_327' title='bbox 130 3901 132 3903; x_wconf 48' lang='lat'><em>,</em></span> <span class='ocrx_word' id='word_1_328' title='bbox 215 3833 294 3897; x_wconf 87' lang='lat' dir='ltr'><strong>sime</strong></span> <span class='ocrx_word' id='word_1_329' title='bbox 334 3835 365 3899; x_wconf 88' lang='lat' dir='ltr'><strong>b.</strong></span> <span class='ocrx_word' id='word_1_330' title='bbox 400 3839 506 3900; x_wconf 86' lang='lat' dir='ltr'><strong>verbis</strong></span> <span class='ocrx_word' id='word_1_331' title='bbox 538 3838 647 3902; x_wconf 90' lang='lat' dir='ltr'><strong>utitur.</strong></span> <span class='ocrx_word' id='word_1_332' title='bbox 702 3835 782 3899; x_wconf 82' lang='lat' dir='ltr'><strong>Dee.</strong></span> <span class='ocrx_word' id='word_1_333' title='bbox 816 3837 915 3898; x_wconf 90' lang='lat' dir='ltr'><strong>Detes</strong></span> <span class='ocrx_word' id='word_1_334' title='bbox 949 3834 1044 3898; x_wconf 90' lang='lat' dir='ltr'><strong>animi</strong></span> <span class='ocrx_word' id='word_1_335' title='bbox 1069 3835 1334 3916; x_wconf 87' lang='lat' dir='ltr'><strong>exsplendnerunt</strong></span> <span class='ocrx_word' id='word_1_336' title='bbox 1366 3837 1471 3901; x_wconf 72' lang='lat' dir='ltr'><strong>Tios</strong></span> 
     </span>
     <span class='ocr_line' id='line_1_35' title="bbox 215 3933 1469 4020; baseline 0.003 -23"><span class='ocrx_word' id='word_1_337' title='bbox 215 3961 248 3988; x_wconf 88' lang='lat'><em>·-·=</em></span> <span class='ocrx_word' id='word_1_338' title='bbox 281 3936 422 4012; x_wconf 81' lang='lat' dir='ltr'><strong>virtutes,</strong></span> <span class='ocrx_word' id='word_1_339' title='bbox 457 3939 524 4002; x_wconf 85' lang='lat' dir='ltr'><strong>Cal.</strong></span> <span class='ocrx_word' id='word_1_340' title='bbox 559 3939 588 4000; x_wconf 85' lang='lat'><strong>3.</strong></span> <span class='ocrx_word' id='word_1_341' title='bbox 623 3938 784 4019; x_wconf 63' lang='lat' dir='ltr'><strong>Poetae).</strong></span> <span class='ocrx_word' id='word_1_342' title='bbox 828 3933 1024 3998; x_wconf 79' lang='lat' dir='ltr'><strong>Durencrias</strong></span> <span class='ocrx_word' id='word_1_343' title='bbox 1054 3936 1098 3999; x_wconf 80' lang='lat' dir='ltr'><strong>-ir&#39;</strong></span> <span class='ocrx_word' id='word_1_344' title='bbox 1126 3935 1248 4016; x_wconf 89' lang='lat' dir='ltr'><strong>judices</strong></span> <span class='ocrx_word' id='word_1_345' title='bbox 1280 3937 1322 4000; x_wconf 89' lang='lat' dir='ltr'><strong>A.</strong></span> <span class='ocrx_word' id='word_1_346' title='bbox 1347 3941 1403 4012; x_wconf 79' lang='lat'><strong>32,</strong></span> <span class='ocrx_word' id='word_1_347' title='bbox 1420 3940 1469 4020; x_wconf 92' lang='lat' dir='ltr'><strong>qui</strong></span> 
     </span>
     <span class='ocr_line' id='line_1_36' title="bbox 218 4036 1471 4119; baseline 0.002 -22"><span class='ocrx_word' id='word_1_348' title='bbox 218 4043 341 4099; x_wconf 83' lang='lat' dir='ltr'><strong>tantum</strong></span> <span class='ocrx_word' id='word_1_349' title='bbox 375 4039 495 4101; x_wconf 85' lang='lat' dir='ltr'><strong>ducena</strong></span> <span class='ocrx_word' id='word_1_350' title='bbox 528 4039 676 4102; x_wconf 85' lang='lat' dir='ltr'><strong>sestertia</strong></span> <span class='ocrx_word' id='word_1_351' title='bbox 708 4036 925 4119; x_wconf 88' lang='lat' dir='ltr'><strong>possidebant,</strong></span> <span class='ocrx_word' id='word_1_352' title='bbox 958 4054 1029 4109; x_wconf 91' lang='lat' dir='ltr'><strong>non,</strong></span> <span class='ocrx_word' id='word_1_353' title='bbox 1058 4045 1093 4099; x_wconf 93' lang='lat' dir='ltr'><strong>nt</strong></span> <span class='ocrx_word' id='word_1_354' title='bbox 1114 4038 1221 4112; x_wconf 87' lang='lat' dir='ltr'><strong>ceteri,</strong></span> <span class='ocrx_word' id='word_1_355' title='bbox 1244 4039 1471 4119; x_wconf 86' lang='lat' dir='ltr'><strong>quadringena;</strong></span> 
     </span>
     <span class='ocr_line' id='line_1_37' title="bbox 216 4123 1471 4220; baseline 0.003 -23"><span class='ocrx_word' id='word_1_356' title='bbox 216 4136 377 4199; x_wconf 86' lang='lat' dir='ltr'><strong>ducenarii</strong></span> <span class='ocrx_word' id='word_1_357' title='bbox 411 4149 633 4219; x_wconf 87' lang='lat' dir='ltr'><strong>procuratores</strong></span> <span class='ocrx_word' id='word_1_358' title='bbox 665 4139 724 4202; x_wconf 80' lang='lat'><strong>01.</strong></span> <span class='ocrx_word' id='word_1_359' title='bbox 751 4138 792 4200; x_wconf 91' lang='grc'><strong>24</strong></span> <span class='ocrx_word' id='word_1_360' title='bbox 824 4123 935 4220; x_wconf 75' lang='lat' dir='ltr'><strong>qdibus</strong></span> <span class='ocrx_word' id='word_1_361' title='bbox 958 4135 1262 4201; x_wconf 60' lang='lat' dir='ltr'><strong>salarium&#39;annuum</strong></span> <span class='ocrx_word' id='word_1_362' title='bbox 1286 4151 1355 4200; x_wconf 90' lang='lat' dir='ltr'><strong>erat</strong></span> <span class='ocrx_word' id='word_1_363' title='bbox 1377 4139 1471 4201; x_wconf 91' lang='lat' dir='ltr'><strong>duce-</strong></span> 
     </span>
     <span class='ocr_line' id='line_1_38' title="bbox 217 4235 1470 4321; baseline 0.002 -23"><span class='ocrx_word' id='word_1_364' title='bbox 217 4253 326 4300; x_wconf 88' lang='lat' dir='ltr'><strong>norum</strong></span> <span class='ocrx_word' id='word_1_365' title='bbox 359 4241 550 4304; x_wconf 87' lang='lat' dir='ltr'><strong>sestertium.</strong></span> <span class='ocrx_word' id='word_1_366' title='bbox 585 4241 666 4303; x_wconf 91' lang='lat' dir='ltr'><strong>Plin.</strong></span> <span class='ocrx_word' id='word_1_367' title='bbox 698 4241 807 4321; x_wconf 87' lang='lat' dir='ltr'><strong>major.</strong></span> <span class='ocrx_word' id='word_1_368' title='bbox 851 4235 991 4300; x_wconf 68' lang='lat' dir='ltr'><strong>Danaam</strong></span> <span class='ocrx_word' id='word_1_369' title='bbox 1013 4257 1075 4300; x_wconf 79' lang='lat' dir='ltr'><strong>vox</strong></span> <span class='ocrx_word' id='word_1_370' title='bbox 1097 4258 1162 4319; x_wconf 85' lang='lat' dir='ltr'><strong>arg.</strong></span> <span class='ocrx_word' id='word_1_371' title='bbox 1187 4238 1290 4300; x_wconf 87' lang='lat' dir='ltr'><strong>aetatis</strong></span> <span class='ocrx_word' id='word_1_372' title='bbox 1312 4239 1333 4301; x_wconf 89' lang='lat' dir='ltr'><strong>i.</strong></span> <span class='ocrx_word' id='word_1_373' title='bbox 1357 4260 1385 4320; x_wconf 94' lang='lat' dir='ltr'><strong>q.</strong></span> <span class='ocrx_word' id='word_1_374' title='bbox 1410 4241 1470 4301; x_wconf 89' lang='lat' dir='ltr'><strong>im-</strong></span> 
     </span>
    </p>
   </div>
   <div class='ocr_carea' id='block_1_5' title="bbox 256 4485 1029 4739">
    <p class='ocr_par' dir='ltr' id='par_1_5' title="bbox 256 4485 1029 4739">
     <span class='ocr_line' id='line_1_39' title="bbox 260 4485 977 4567; baseline 0.001 -20"><span class='ocrx_word' id='word_1_375' title='bbox 260 4485 284 4563; x_wconf 87' lang='grc' dir='ltr'><strong>ι)</strong></span> <span class='ocrx_word' id='word_1_376' title='bbox 305 4491 352 4547; x_wconf 79' lang='lat' dir='ltr'><strong>Otr</strong></span> <span class='ocrx_word' id='word_1_377' title='bbox 372 4491 463 4549; x_wconf 78' lang='lat' dir='ltr'><strong>Bromi</strong></span> <span class='ocrx_word' id='word_1_378' title='bbox 485 4497 520 4552; x_wconf 82' lang='lat' dir='ltr'><strong>ad</strong></span> <span class='ocrx_word' id='word_1_379' title='bbox 543 4499 571 4553; x_wconf 93' lang='lat' dir='ltr'><strong>h.</strong></span> <span class='ocrx_word' id='word_1_380' title='bbox 596 4499 615 4553; x_wconf 93' lang='grc'><strong>1.</strong></span> <span class='ocrx_word' id='word_1_381' title='bbox 639 4495 742 4567; x_wconf 83' lang='lat' dir='ltr'><strong>Berger</strong></span> <span class='ocrx_word' id='word_1_382' title='bbox 763 4493 885 4550; x_wconf 83' lang='lat' dir='ltr'><strong>Sbiliebik</strong></span> <span class='ocrx_word' id='word_1_383' title='bbox 908 4493 925 4560; x_wconf 65' lang='grc' dir='ltr'><strong>ἕ</strong></span> <span class='ocrx_word' id='word_1_384' title='bbox 948 4493 977 4549; x_wconf 84' lang='grc'><strong>8.</strong></span> 
     </span>
     <span class='ocr_line' id='line_1_40' title="bbox 257 4575 720 4651; baseline 0.002 -16"><span class='ocrx_word' id='word_1_385' title='bbox 257 4575 284 4651; x_wconf 83' lang='lat'><strong>²)</strong></span> <span class='ocrx_word' id='word_1_386' title='bbox 306 4579 352 4636; x_wconf 83' lang='lat' dir='ltr'><strong>cfr</strong></span> <span class='ocrx_word' id='word_1_387' title='bbox 373 4579 470 4636; x_wconf 87' lang='lat' dir='ltr'><strong>Krebe.</strong></span> <span class='ocrx_word' id='word_1_388' title='bbox 715 4582 720 4591; x_wconf 77' lang='grc'><strong>“</strong></span> 
     </span>
     <span class='ocr_line' id='line_1_41' title="bbox 256 4660 1029 4739; baseline 0.001 -16"><span class='ocrx_word' id='word_1_389' title='bbox 256 4660 281 4739; x_wconf 78' lang='lat'><strong>³)</strong></span> <span class='ocrx_word' id='word_1_390' title='bbox 303 4666 349 4723; x_wconf 79' lang='lat' dir='ltr'><strong>(lit</strong></span> <span class='ocrx_word' id='word_1_391' title='bbox 372 4667 427 4723; x_wconf 83' lang='lat' dir='ltr'><strong>Oio.</strong></span> <span class='ocrx_word' id='word_1_392' title='bbox 454 4669 489 4724; x_wconf 88' lang='lat' dir='ltr'><strong>de</strong></span> <span class='ocrx_word' id='word_1_393' title='bbox 510 4685 549 4723; x_wconf 90' lang='lat' dir='ltr'><strong>or.</strong></span> <span class='ocrx_word' id='word_1_394' title='bbox 564 4671 603 4724; x_wconf 91' lang='grc'><strong>1.</strong></span> <span class='ocrx_word' id='word_1_395' title='bbox 628 4673 679 4727; x_wconf 83' lang='grc'><strong>55.</strong></span> <span class='ocrx_word' id='word_1_396' title='bbox 702 4671 762 4726; x_wconf 86' lang='grc'><strong>234</strong></span> <span class='ocrx_word' id='word_1_397' title='bbox 788 4669 933 4725; x_wconf 83' lang='lat' dir='ltr'><strong>verborum</strong></span> <span class='ocrx_word' id='word_1_398' title='bbox 955 4667 1029 4724; x_wconf 85' lang='lat' dir='ltr'><strong>dote.</strong></span> 
     </span>
    </p>
   </div>
   <div class='ocr_carea' id='block_1_6' title="bbox 0 0 1800 5400">
    <p class='ocr_par' dir='ltr' id='par_1_6' title="bbox 0 0 1800 5400">
     <span class='ocr_line' id='line_1_42' title="bbox 0 0 1800 5400; baseline 0 0"><span class='ocrx_word' id='word_1_399' title='bbox 0 0 1800 5400; x_wconf 95' lang='lat' dir='ltr'><strong> </strong></span> 
     </span>
    </p>
   </div>
  </div>
 </body>
</html>
