3300 5196
265 294 306 361 50

223 473 383 547 subselliis,
405 493 421 535 e
442 471 549 555 quibus
570 469 774 551 spectabatur,
797 468 907 533 dicitur
929 470 1016 534 [lom.
1041 472 1079 534 10
1101 472 1269 535 detractum
1293 473 1486 555 spectaculis

222 573 251 636 in
284 594 416 648 arenam,
448 573 513 636 (lul.
536 571 586 635 35.
609 570 648 634 Ν.
671 571 721 633 32.
744 570 806 633 Cic.
828 572 895 633 Liv.
919 573 991 634 Tac.
1024 582 1087 635 turn
1111 608 1150 621 -
1173 587 1203 635 et
1232 574 1288 637 huc
1321 575 1484 653 sipnifics·

221 676 302 737 tione
332 695 410 754 sapa
441 673 520 754 spnd
553 672 728 734 Suetonium
763 707 802 717 -
835 673 871 733 de
902 673 967 753 ipso
1001 674 1074 746 loco,
1106 674 1157 736 ubi
1190 676 1321 737 eduntur
1348 686 1482 756 specta·

220 776 297 847 cula,
330 775 348 837 i.
381 794 407 836 e.
440 774 574 847 theatro;
614 772 729 835 ineunti
765 771 870 834 Rornae
903 774 1077 853 spectacula
1108 774 1147 837 A.
1170 774 1219 838 58.
1252 774 1317 839 Cal.
1345 775 1395 838 35.
1423 776 1481 841 56.

219 874 309 937 (11.4.
351 872 558 959 Speculatores
579 873 729 936 Caesururn
756 882 847 935 aetate
878 873 1054 937 dicebantur
1086 876 1223 938 custodes
1246 876 1377 957 corporis
1411 877 1476 939 irn-

218 972 360 1056 perstorii‘
390 976 429 1038 A.
458 970 498 1036 74
531 974 579 1055 qai
612 974 782 1053 speculator
812 994 883 1035 suus
917 975 1013 1037 fuerat
1039 974 1084 1038 Gl.
1111 975 1161 1037 35.
1195 974 1333 1041 (11144.
1367 977 1479 1041 Galba.

218 1076 265 1138 18.
299 1076 397 1138 Tacit„
421 1075 545 1138 Seneca.
585 1074 699 1155 Optimi
722 1074 750 1137 h.
775 1093 845 1136 voce
869 1084 922 1136 aut
944 1076 1064 1155 propria
1092 1075 1120 1136 vi
1145 1083 1269 1138 utuntur
1290 1088 1343 1138 snt
1364 1078 1478 1141 trsn's·

217 1175 290 1248 lata,
327 1186 359 1238 nt
391 1174 569 1255 significati
591 1194 620 1256 q.
642 1174 849 1254 investigator.
907 1172 1019 1257 Specus
1051 1195 1105 1256 pro
1138 1176 1280 1257 spelunca
1297 1178 1360 1257 jam
1390 1180 1478 1260 apud

215 1276 333 1338 Livium
368 1285 470 1338 exstat
501 1275 540 1338 N.
563 1275 599 1335 31
636 1275 813 1336 vastissimis
842 1277 992 1355 specubus
1012 1276 1141 1348 additos,
1169 1277 1209 1338 N.
1230 1276 1281 1340 48.
1335 1277 1476 1362 Speras-a

214 1387 359 1458 sequente
391 1376 562 1438 accusativo
584 1375 766 1438 substantivi
789 1375 828 1436 A.
853 1376 891 1436 10
914 1395 1001 1457 quem
1025 1376 1069 1438 vel
1092 1377 1271 1458 praecipuum
1295 1379 1468 1456 adjutorem

214 1486 399 1558 speraverat,
420 1475 460 1539 A.
481 1474 534 1539 94.
556 1474 650 1556 Vesp.
670 1477 706 1536 12
729 1476 921 1556 triumphum.
965 1474 1041 1546 Qus
1063 1487 1215 1540 structura
1237 1478 1374 1560 quamvis
1398 1499 1474 1543 rara

215 1577 294 1659 apud
317 1576 446 1657 optimos
468 1576 671 1659 invenitur1).
705 1573 1007 1659 Spintlsria=bomo
1029 1577 1196 1657 impudicus
1218 1578 1253 1640 T.
1265 1578 1313 1639 43.
1335 1578 1403 1642 Gal.
1417 1578 1470 1644 lb'.

214 1676 278 1739 Vit.
291 1678 319 1739 3.
341 1678 413 1739 Tsc.
425 1677 508 1742 Ann.
520 1677 548 1738 6.
564 1676 622 1758 1²).
665 1674 790 1759 Spondet
803 1675 853 1760 ³).
864 1676 898 1739 C.
913 1675 962 1739 49.
985 1677 1096 1739 Poetae.
1140 1675 1295 1762 Spondere
1306 1677 1324 1740 i.
1340 1699 1371 1761 q.
1384 1699 1470 1761 prae-

214 1777 313 1840 dicere
345 1786 430 1839 rates
462 1778 602 1840 dicuntur
633 1777 714 1841 Otho
735 1777 756 1839 4
777 1797 842 1839 enm
866 1777 935 1839 olim
958 1779 1149 1857 superstitem
1172 1778 1286 1841 Neroni
1308 1781 1371 1841 iore
1392 1800 1470 1861 spo-

213 1877 365 1959 pondisset
397 1878 433 1939 T.
457 1876 503 1939 14.
531 1877 617 1940 Ovid.
640 1876 712 1940 Val.
735 1878 781 1940 Fi.
825 1876 969 1939 Similiter
996 1896 1083 1939 voces
1117 1878 1299 1957 promittere,
1330 1880 1469 1961 polliceri

213 1986 403 2059 usurpantur.
456 1974 568 2062 Sponte
596 1979 733 2041 absolute
755 1978 883 2058 positum
907 1988 953 2040 est
984 1977 1019 2039 T.
1045 1977 1091 2040 14.
1114 1978 1161 2040 A:
1175 1973 1226 2041 57.
1248 1980 1281 2043 G.
1306 1979 1354 2042 16.
1398 1980 1468 2063 Op-

212 2079 277 2141 timi
300 2097 463 2160 pronomen
485 2078 647 2159 possessivi
669 2078 846 2159 sdjnngunt.
878 2077 1062 2140 Posteriores
1085 2077 1135 2141 illo
1159 2079 1246 2142 modo
1270 2080 1360 2143 locuti
1381 2089 1467 2147 sunt.

211 2176 299 2240 Stare
321 2188 474 2261 poetarum
498 2199 578 2242 more
600 2189 772 2260 usurpatum
796 2186 860 2253 est;
881 2177 915 2240 (l.
928 2178 968 2241 49
991 2179 1029 2241 ad
1052 2180 1192 2260 cyathum
1203 2180 1233 2262 ⁴)
1249 2191 1339 2254 stare,
1360 2181 1468 2246 Galba

211 2280 251 2341 22
283 2280 322 2340 ad
356 2280 445 2360 pedes
477 2291 557 2342 stare
593 2280 732 2341 dicuntur
762 2280 842 2341 servi
870 2279 1084 2341 ministrantes.
1134 2277 1229 2343 Statio
1252 2281 1342 2343 variis
1364 2282 1464 2347 modis

211 2378 355 2442 Suetonio
389 2380 540 2442 utitatnm.
597 2381 730 2442 Primum
764 2388 810 2441 est
843 2378 925 2441 locas
947 2380 996 2442 ubi
1020 2380 1153 2441 homines
1176 2392 1399 2445 commorantur
1422 2384 1464 2455 N.

210 2474 250 2541 37
282 2481 422 2542 tabernas
454 2490 516 2542 tres
550 2482 586 2540 ad
615 2481 774 2542 stationem
804 2480 954 2542 locassset.
998 2480 1114 2543 Plinius
1137 2481 1232 2542 minor
1254 2482 1463 2568 Juvenalis⁵);

210 2579 316 2642 deiude
349 2582 386 2642 de
418 2581 483 2643 loco
506 2581 555 2643 ubi
578 2581 689 2643 milites
711 2580 924 2642 custodiebant
950 2580 990 2642 A.
1013 2581 1053 2641 24
1084 2580 1214 2642 statione
1242 2584 1374 2658 deserta,
1406 2604 1460 2645 aa·

209 2679 248 2742 tis
279 2701 357 2761 saepe
387 2680 560 2754 Suetonius,
591 2681 704 2755 Oaesar,
736 2681 897 2761 scriptores
919 2700 1032 2755 rerurn;
1065 2691 1128 2743 tum
1158 2681 1290 2763 deipsis
1313 2683 1461 2746 militibus

208 2780 248 2842 A.
264 2781 304 2842 32
338 2782 490 2862 dispositis
515 2801 567 2863 per
595 2791 762 2862 opportuna
787 2782 852 2842 loca
873 2781 1054 2843 stationibus
1077 2781 1112 2843 T.
1129 2778 1180 2843 37.
1198 2782 1248 2845 72.
1266 2782 1317 2845 24.
1339 2786 1460 2865 saepius,

208 2881 463 2957 Caesennius
496 2893 559 2944 tum
582 2884 618 2943 de
641 2893 771 2962 tempore
794 2882 958 2953 dicebatur,
985 2901 1042 2962 qno
1065 2901 1135 2963 pars
1157 2882 1282 2945 militum
1305 2886 1458 2948 custodie-

206 2981 261 3043 bat
282 2981 362 3044 Otho
385 2979 404 3043 6
432 2984 508 3062 quod
537 2983 666 3060 ejusdem
693 2982 855 3066 (cohortis)
883 2983 1013 3043 statione
1036 2992 1067 3043 et
1089 2982 1192 3045 Caessr
1217 2985 1315 3048 fuerat
1337 2985 1460 3049 occisus¹

205 3109 237 3134 =
259 3101 347 3163 quum
371 3103 407 3143 ea
428 3083 534 3145 cohors
556 3083 584 3144 in
608 3083 737 3144 statione
758 3091 852 3159 esset;
874 3083 998 3164 denique
1021 3082 1057 3144 da
1080 3085 1354 3173 munere'alicujus,
1377 3106 1458 3168 prae-

204 3183 305 3244 sertim
322 3182 476 3263 principis,
498 3184 576 3244 unde
600 3184 771 3257 locutiones,
794 3202 859 3264 quae
885 3193 957 3244 sunt
979 3183 1138 3245 stationem
1162 3186 1322 3267 suscipere,
1344 3206 1455 3267 capes·

174 3310 176 3314 ¹
203 3302 266 3343 sere
288 3283 387 3364 (1138
408 3285 564 3365 pervenire
576 3284 613 3346 ad
625 3294 794 3363 susceptam
808 3283 967 3346 stationem
982 3293 1194 3364 :susceptum
1208 3306 1313 3349 ruunus
1325 3286 1455 3367 imperii.

202 3381 345 3445 Str-stura
367 3380 483 3446 viarum
505 3385 550 3447 Cl.
566 3383 616 3456 24,
638 3403 697 3446 vox
717 3403 795 3445 rara.
838 3381 942 3447 Stilus.
965 3385 1039 3445 Haec
1063 3404 1120 3446 vox
1142 3405 1194 3465 pro
1216 3404 1331 3466 genere,
1354 3389 1458 3465 modo,

201 3492 267 3544 arte
289 3485 415 3559 dicendi,
437 3485 587 3547 scribendi
610 3505 628 3545 a
650 3485 844 3564 scriptoribus
868 3505 928 3564 arg.
950 3485 1049 3547 aetatis
1073 3505 1126 3546 usu
1148 3497 1271 3566 recepta
1294 3498 1341 3550 est
1362 3488 1453 3553 Dom.

200 3584 241 3645 20
263 3584 343 3645 'stilo
377 3605 497 3667 operam
520 3587 602 3660 dare,
634 3587 669 3647 T.
691 3580 732 3648 70
754 3585 939 3648 obscurabat
959 3585 1061 3647 stilum
1083 3585 1276 3649 affectatione
1299 3599 1330 3649 et
1352 3608 1454 3665 moro-

198 3684 289 3747 sitate
314 3685 414 3747 nimia.
450 3686 580 3767 Propria
600 3685 816 3766 significatione
838 3687 989 3749 iuvenitur
1011 3686 1133 3748 Dom.3
1158 3707 1273 3748 rnuscas
1289 3687 1358 3751 stilo
1373 3688 1454 3770 prae-

199 3797 287 3848 acuto
316 3786 470 3866 configere.
524 3787 575 3848 Ad
597 3785 679 3848 illum
702 3777 952 3867 significationem
971 3785 1075 3848 Cicero
1098 3789 1183 3868 quasi
1207 3788 1369 3850 transitum
1393 3809 1452 3870 pa·

245 4029 265 4108 ¹)
288 4037 417 4092 Krebsiua
438 4038 574 4092 nonnulis.
596 4038 724 4106 exempla
745 4036 865 4106 protulit
886 4054 914 4106 p.
940 4036 1000 4090 908
1024 4039 1168 4108 (sperare).

240 4115 265 4189 ²)
288 4123 420 4197 Spinther
442 4124 550 4178 feminae
571 4126 765 4179 ornamentum
788 4123 864 4192 apud
885 4122 1016 4179 Plautum
1038 4131 1090 4180 eat.

239 4202 264 4278 3)
286 4210 332 4264 uss
353 4209 492 4268 Plateam.

238 4291 263 4365 ⁴)
288 4297 353 4353 Hor.
377 4296 468 4352 Csrm.
496 4299 522 4350 1.
547 4297 575 4350 2.
600 4295 628 4348 9.
654 4296 681 4349 7.
705 4299 827 4351 statuere
849 4295 887 4349 ad
908 4295 1052 4364 cyathum.

239 4377 261 4445 ⁵)
284 4383 378 4438 Cicero
400 4383 537 4440 consimili
561 4384 635 4436 certe
661 4382 864 4452 significatione
887 4380 919 4437 b.
944 4398 1010 4436 vocs
1033 4383 1123 4438 utitur
1144 4385 1205 4437 Aet.
1229 4383 1258 4439 6.
1284 4386 1311 4439 9.
1358 4385 1448 4441 Athe·

192 4469 235 4523 nis
255 4472 341 4524 statio
364 4487 426 4526 mes
447 4489 521 4525 ntmc
543 4469 645 4540 placet.
